2394 3990
494 221 700 276 PRAEFATIO
1051 222 1102 277 XV

86 398 118 454 p.
141 378 234 452 dsqq.
258 373 454 450 comprobavi.
498 372 634 432 Ceterum
657 392 692 432 ea
715 375 871 448 sententia,
893 391 983 448 quam
1006 377 1101 434 veteri

88 467 222 526 editione
245 465 440 540 expressimus
460 452 643 542 (p.V1ff.),
663 462 892 540 chirographum
914 464 1021 537 poetae
1043 482 1102 522 non

87 553 262 632 praebuisse
284 555 399 611 textum
422 552 557 610 omnibus
581 553 710 610 numeris
732 552 922 628 perpolitum,
945 551 996 610 sed
1019 554 1103 612 varia

88 644 217 702 lectione
247 641 295 700 vcl
323 641 527 717 dittographia
554 641 687 715 plenam,
716 659 895 716 quamquam
922 642 1047 699 nimium
1075 643 1103 700 ei

89 733 166 792 olim
188 729 357 804 tribuimus,
374 731 475 788 tamen
497 748 534 787 ne
556 728 646 788 hodie
668 728 788 804 quidem
805 747 925 805 prorsus
949 729 1103 789 abicienda

89 824 144 881 est.
185 819 278 878 Velut
299 818 420 877 Medeae
442 818 738 877 versus516—520
761 819 820 894 ipsi
842 816 936 877 Leoni
958 819 1102 896 dittogra-

88 911 166 986 phia
191 908 343 982 videntur,
365 909 397 964 in
426 905 553 965 Hercule
584 903 694 965 Oetaeo
723 909 804 966 totas
834 925 954 966 scaenas
987 907 1104 967 diversa

89 1000 189 1058 forma
211 997 392 1071 consilioque
414 996 592 1070 compositas
616 997 715 1054 extare
738 1013 854 1054 summa
877 1016 944 1054 cum
965 996 1103 1071 probabi·

89 1088 189 1146 litatis
212 1086 308 1162 specie
330 1085 498 1143 Mnnznnus
522 1084 745 1161 argumentatus
769 1075 853 1165 est.*)

160 1172 225 1243 Qua
252 1193 321 1233 vero
348 1175 464 1232 ratione
492 1176 522 1231 et
549 1172 760 1231 moderationis
784 1173 849 1249 lege
873 1173 1041 1233 adhibenda
1064 1176 1104 1234 sit

89 1264 275 1340 interpolata
302 1263 404 1337 lectio,
432 1262 513 1321 hisce
540 1261 637 1319 verbis
664 1262 729 1321 loco
757 1262 850 1320 allato
876 1282 905 1337 p.
922 1265 961 1321 11
974 1281 1016 1338 sq.
1039 1266 1103 1339 ipse

90 1353 324 1428 circumscripsi:
343 1345 507 1410 ‘Conscnsu
522 1352 601 1408 inter
614 1350 642 1408 A
652 1353 683 1409 et
696 1350 722 1408 It
737 1352 895 1426 conspicuo
909 1343 960 1433 (of.
974 1372 1003 1427 p.
1016 1354 1034 1411 9
1045 1345 1106 1431 sq.)

88 1460 235 1519 magnum
258 1458 329 1499 sane
351 1442 476 1517 paratur
493 1438 677 1515 praesidium
695 1441 869 1499 auctoritati
886 1442 994 1500 veteris
1013 1443 1104 1499 inter-

89 1530 245 1608 polatoris.
294 1526 385 1587 (luins
416 1528 660 1605 interpolationes
688 1531 722 1586 ut
749 1529 925 1604 simpliciter
956 1532 1026 1588 sunt
1057 1549 1105 1588 ex·

89 1618 257 1696 pellendae,
276 1619 319 1676 sic
338 1619 452 1676 ceterae
471 1619 534 1675 eius
552 1616 703 1691 lectiones,
721 1616 899 1693 ubicumque
918 1619 954 1677 ab
973 1618 998 1676 Ε
1014 1618 1105 1677 disce-

93 1708 180 1782 dunt,
198 1707 235 1766 ad
253 1708 367 1765 textum
386 1705 624 1765 constituendum
648 1705 806 1783 diligenter
824 1710 894 1766 sunt
913 1707 1104 1766 adhibendae.

91 1796 181 1855 Nam·
197 1794 275 1871 quod
303 1797 345 1853 eis
368 1794 441 1854 locis
465 1794 501 1853 de
529 1795 635 1870 quibus
659 1795 875 1870 disputavimus
902 1796 1015 1855 factum
1043 1815 1105 1857 esse

93 1885 242 1944 evincitur
263 1885 401 1959 rescripti
424 1883 533 1942 codicis
556 1885 736 1959 testimonio,
759 1885 868 1944 rectius
891 1885 1004 1944 scilicet
1024 1886 1105 1944 haud

89 1991 192 2050 pauca
209 1972 452 2049 interpolatorem
473 1972 579 2049 legisse
603 1974 687 2031 etin
710 1991 797 2030 suum
819 1974 929 2032 librum
951 1977 1105 2034 transscri-

90 2064 203 2139 psisse‚
233 2080 321 2136 quam
352 2081 419 2120 eum
450 2062 502 2136 qui
535 2060 664 2120 codicem
695 2061 720 2119 Ε
751 2063 799 2120 vel
829 2064 891 2121 eius
924 2064 1106 2141 archetypon

93 2150 220 2226 aliquod
244 2151 387 2224 exaravit,
409 2149 488 2208 idem
513 2150 579 2207 aliis
603 2151 684 2225 locis,
711 2150 762 2208 ubi
786 2151 842 2209 tali
863 2153 1033 2212 testimonio
1058 2153 1105 2212 de-

93 2241 197 2300 stituti
233 2257 349 2313 summ,
389 2237 454 2297 fieri
489 2240 621 2314 potuisse
658 2257 709 2297 cur
744 2240 910 2314 praefracte
946 2239 1105 2319 negemus?

95 2328 284 2403 Quamquam
311 2327 416 2403 fateor,
440 2329 470 2386 et
492 2329 524 2385 in
550 2327 606 2386 hoc
632 2326 726 2386 Leoni
754 2331 907 2403 assentior,
933 2331 966 2387 in
988 2331 1107 2407 vulgari

93 2417 221 2476 lectione
250 2416 417 2475 adhibenda
444 2434 559 2475 summa
587 2418 724 2476 cautione
753 2436 826 2493 opus
854 2436 924 2493 esso,
951 2438 988 2477 ne
1015 2421 1105 2478 inter-

92 2504 240 2582 polatoris
272 2504 398 2564 artificio
432 2508 462 2563 et
494 2506 627 2565 sollertia
655 2506 820 2582 decipiaris.
865 2506 962 2565 Multa
994 2509 1107 2566 scilicet

94 2596 195 2654 nitent
218 2596 248 2652 et
269 2594 366 2669 primo
391 2594 497 2652 obtutu
519 2594 662 2653 Etruscae
686 2595 809 2654 lectioni
830 2598 982 2671 praestare
1004 2596 1105 2655 viden-

93 2687 155 2757 tur,
174 2701 249 2758 quae
269 2684 435 2741 accuratius
453 2702 516 2741 rem
535 2685 716 2742 examinanti
735 2683 903 2742 damnanda
922 2687 998 2742 sunt.
1027 2684 1107 2742 Nam

94 2771 294 2848 interpolatae
311 2773 489 2830 recensionis
504 2771 670 2831 differentia
685 2790 866 2848 quamquam
883 2772 971 2831 hodie
989 2792 1106 2849 quoque

95 2859 200 2919 dubito
228 2880 266 2920 an
294 2861 336 2919 eis
365 2861 456 2918 etiam
483 2862 564 2936 locis,
591 2861 643 2919 ubi
665 2863 746 2920 totae
769 2860 932 2919 sententiae
956 2861 1043 2920 aliter
1065 2862 1105 2921 le-

95 2951 208 3028 guntur
230 2967 325 3024 neque
348 2951 448 3007 tamen
472 2951 534 3009 ulla
556 2951 690 3009 mutatae
713 2950 847 3008 consulto
870 2950 1006 3010 lectionis
1028 2953 1105 3012 ratio

92 3039 225 3115 perspici
256 3040 364 3114 possit,
391 3057 451 3096 non
479 3038 517 3097 ad
547 3039 781 3116 dittographiam
809 3039 910 3114 potius
940 3041 1106 3115 antiquitus

93 3127 240 3186 madium
268 3147 357 3203 quam
385 3127 422 3186 ad
452 3146 564 3186 meram
591 3128 813 3204 interpolatoris
839 3127 993 3187 libidinem
1022 3148 1107 3188 revo-

95 3215 192 3276 canda
212 3218 261 3290 sit,
287 3218 388 3275 tamen
407 3218 462 3275 hoe
481 3219 513 3274 in
535 3217 619 3275 nulla
640 3218 776 3275 versatur
799 3217 1009 3292 controversia,
1032 3221 1107 3293 quin

94 3308 195 3363 totum
217 3305 438 3382 tragoediarum
461 3323 566 3382 corpus
594 3323 627 3364 eo
651 3305 774 3365 consilio
802 3305 839 3364 ab
868 3308 986 3365 auctore
1009 3325 1106 3365 recen·

95 3532 97 3537 ⁴
169 3509 253 3578 '‘)De
267 3509 386 3564 Hercule
402 3508 505 3564 Oetaeo
520 3510 682 3565 Annaeana.
710 3509 902 3580 Abhandlung
920 3528 982 3563 zum
995 3510 1106 3564 Jahres-

95 3580 209 3636 bericht
232 3580 281 3634 des
304 3580 567 3650 Realgymnasiums
590 3597 643 3635 von
667 3582 697 3636 P.
717 3581 828 3637 Melzer.
866 3581 1016 3636 Gliemnita
1030 3587 1118 3634 tuen„
