2394 3990
85 210 128 276 52
410 208 776 265 castamserram

87 357 219 420 metitur
243 355 343 418 oculis
368 375 404 418 ao
428 355 537 420 decem
560 356 689 420 tandem
711 357 798 421 ferus

86 445 225 530 ignoscit
248 444 353 528 anuis3
376 444 486 509 horret
508 445 661 509 afflictam
685 467 827 528 quoque,

85 535 267 616 victamque
291 534 436 615 quamvis
459 533 579 616 videat,
601 533 681 597 haut
704 535 804 599 credit
827 537 890 600 sibi

87 623 229 707 potuisse
252 622 346 685 vinci.
393 623 497 706 spolia
519 624 691 706 populator
712 624 798 707 rapit

86 711 261 794 Dardania3
284 710 434 795 praedam
458 711 547 774 mille
570 734 636 775 non
659 713 791 796 capiunt
813 719 907 778 rates.

152 799 266 864 Testor
289 800 421 864 deorum
443 822 563 864 numen
587 800 754 865 adversum
778 802 873 885 mihi,

87 890 273 972 patriaeque
296 889 416 953 cineres
439 893 535 971 teque
557 893 714 953 rectorem
737 889 903 977 Phrygum

87 1001 181 1061 quem
205 977 301 1041 Troia
323 982 393 1042 toto
417 978 582 1042 conditum
605 1000 705 1063 regno
729 981 823 1064 tegit,

85 1072 222 1150 tuosque
245 1090 354 1131 manes
379 1089 442 1149 quo
467 1068 556 1132 stetit
579 1072 683 1132 stante
706 1066 816 1151 Ilium,

88 1161 120 1221 et
142 1178 200 1220 vos
223 1178 368 1220 meorum
391 1157 530 1220 liberum
553 1157 662 1241 magni
686 1179 811 1242 greges,

89 1247 222 1309 umbrae
245 1246 398 1309 minores:
422 1245 575 1328 quioquid
598 1245 722 1309 adversi
745 1246 874 1330 accidit,

90 1357 309 1418 quaecumque
332 1333 479 1398 Phoebas
503 1356 556 1398 ore
579 1334 746 1419 lymphato
769 1337 879 1402 furens

87 1424 173 1488 credi
196 1424 255 1488 deo
278 1427 406 1488 vetante
430 1423 589 1507 praedixit
611 1426 709 1506 mala,

87 1514 176 1597 prior
199 1511 333 1576 Hecuba
355 1512 423 1575 vidi
446 1512 578 1597 gravida
600 1535 658 1576 uec
681 1514 768 1577 tacui
791 1519 896 1578 metus

88 1607 119 1666 et
141 1624 223 1665 vana
245 1606 333 1664 vates
357 1605 431 1665 ante
456 1599 666 1665 Cassandram
688 1602 745 1665 fui.

87 1713 153 1755 non
176 1695 287 1754 cautus
311 1691 402 1774 ignes
425 1688 554 1754 Ithacus
578 1695 634 1755 aut
656 1690 759 1755 Ithaci
782 1713 889 1756 comes

86 1784 263 1844 nocturnus
287 1781 321 1843 in
343 1801 400 1844 vos
424 1780 542 1863 sparsit
565 1784 621 1844 aut
642 1780 742 1844 fallax
766 1778 880 1846 Sinon:

86 1891 176 1933 meus
199 1869 284 1954 ignis
308 1869 368 1933 iste
391 1873 452 1951 est,
474 1869 599 1933 facibus
623 1869 740 1934 ardetis
764 1872 853 1934 meis.

86 1958 141 2022 sed
165 1957 243 2040 quid
264 1959 373 2021 ruinas
396 1958 485 2021 urbis
509 1980 636 2022 eversae
659 1960 776 2044 gemis⁷

84 2048 181 2110 vivax
204 2046 371 2111 senectus?
394 2047 517 2130 respice
540 2047 653 2111 infelix
677 2049 717 2112 ad
739 2048 798 2112 hos

84 2137 190 2200 luctus
212 2140 368 2199 recentes:
391 2134 488 2199 Troia
509 2137 574 2200 iam
597 2140 688 2201 vetus
713 2141 761 2201 est
783 2139 913 2202 malum.

85 2224 152 2297 uidi
175 2223 385 2289 execrandum
408 2225 515 2310 regiae
538 2225 643 2289 caedis
666 2227 755 2290 nefas

86 2315 235 2398 ipsasque
259 2313 299 2377 ad
322 2335 391 2377 aras
415 2315 517 2378 maius
542 2315 716 2379 admissum
741 2317 843 2379 scelus

86 2402 235 2467 Aeacidis
260 2403 371 2484 armis,
394 2423 467 2466 oum
490 2404 594 2486 ferox,
618 2425 730 2468 scaeva
752 2428 849 2468 manu

87 2505 179 2557 coma
200 2491 366 2557 reflectens
390 2492 513 2577 regium
537 2497 622 2557 torta
645 2498 754 2576 caput,

87 2583 152 2646 alto
176 2581 350 2645 nefandum
373 2582 498 2646 vulneri
521 2582 640 2646 ferrum
665 2583 801 2666 abdidit3

87 2672 173 2755 quod
196 2671 323 2755 penitus
347 2675 453 2734 actum
478 2691 550 2733 cum
573 2672 758 2755 recepisset,
781 2672 885 2737 libens

85 2761 169 2825 ensis
193 2759 286 2825 senili
309 2760 412 2824 siccus
436 2782 452 2824 e
475 2760 587 2846 iugulo
610 2759 701 2824 redit.

86 2851 212 2932 placare
237 2872 331 2933 quem
354 2871 421 2913 nou
443 2849 550 2933 potuit
573 2872 592 2912 a
615 2849 709 2913 caede
733 2849 828 2913 effera

159 3082 192 3128 25
213 3080 262 3130 aut
280 3083 301 3129 E
320 3081 386 3146 (non
404 3094 463 3146 sap.
483 3094 532 3131 scr.
552 3077 598 3146 E2)
618 3077 694 3131 haud
713 3083 749 3129 Az
785 3082 794 3147 Η
826 3084 860 3131 29
880 3079 991 3147 phyrigi

89 3152 120 3200 al
139 3147 270 3215 quodque
289 3148 368 3202 stetit
387 3151 452 3203 autc
471 3148 551 3202 ilium
565 3151 659 3218 Δ1134
677 3148 851 3218 lymphatico
869 3155 905 3201 At
923 3154 932 3219 tt
946 3155 981 3203 46

87 3223 108 3270 Ε
128 3219 158 3286 (c'.
174 3234 195 3271 e.
210 3219 340 3274 Aeacidis
358 3220 392 3286 cf.
407 3221 540 3276 Dracoat.
562 3221 661 3285 V155,
680 3227 706 3275 et
723 3222 762 3275 sic
781 3221 913 3291 Scaliper)
936 3223 991 3275 Aea

87 3289 182 3343 Aiacis
204 3289 313 3344 Groaoc
338 3291 479 3345 Aeacidae
503 3292 538 3345 ab
558 3291 642 3344 armis
662 3293 699 3345 N.
715 3292 850 3347 Hcicsius
866 3312 892 3360 p.
910 3299 970 3346 151.

86 3359 162 3414 ausis
186 3361 309 3430 Bentley.
350 3361 403 3415 Leo
425 3365 474 3418 ci:
496 3362 628 3432 ipsasque
652 3363 688 3416 ad
712 3379 774 3418 aras
799 3365 899 3433 (maius
919 3366 991 3417 admi

86 3431 151 3501 fide)
170 3430 301 3485 Aeacidis
321 3447 406 3499 arma,
426 3442 456 3489 ct
478 3436 639 3501 01411377.
677 3436 788 3490 Richter
806 3438 853 3490 ci:
873 3437 923 3504 ips.
946 3439 982 3489 ad

87 3500 170 3557 nibus
195 3502 347 3557 admissum
371 3504 460 3558 scelus
483 3505 626 3570 Aeacidis,
652 3507 736 3559 armis
760 3524 822 3559 cum
846 3508 894 3559 fer.
924 3512 932 3575 tt
961 3514 991 3560 41

88 3572 235 3645 ostiaque
254 3575 295 3628 M.
313 3575 417 3630 Mettica
435 3576 485 3630 Pa.
501 3579 580 3646 11141
595 3583 628 3630 5⁰
648 3577 729 3630 senili
747 3577 853 3632 tinctus
873 3584 895 3629 A
