2394 3990
476 226 680 283 unanimo
981 230 1085 285 XXVII
1137 258 1141 269 ·

113 399 151 438 ne
166 379 208 438 sie
222 380 335 437 herotis
346 371 378 459 (l.
387 371 636 459 oaoaolNesoitis
647 398 719 441 corr.
729 373 848 463 Peiper)
858 381 958 458 cupidi
969 383 1082 442 areium

112 487 239 546 regnum
262 486 320 544 quo
343 476 432 528 uocat
455 460 487 548 (l.
511 461 621 550 iaceat)
645 471 709 530 loeo

112 576 214 634 regem
237 576 296 616 non
319 557 434 616 faciunt
457 575 527 633 opes

112 665 173 705 non
196 648 293 705 uestes
316 636 349 727 (l.
373 637 478 727 vestis)
502 647 611 722 Tyriae
635 648 715 706 color

111 753 173 793 non
196 735 302 794 frontis
326 737 398 793 nota
420 737 504 812 regia
528 725 559 815 (l.
583 732 696 813 regiae)

111 843 173 883 non
197 842 268 882 auro
291 823 404 882 nitidae
427 823 526 883 trabes
752 891 754 896 ,

110 932 213 990 regem
236 932 335 990 regem
359 915 410 988 qui
433 905 465 993 (l.
488 933 540 972 rex
563 916 607 973 est
631 906 696 994 qui)
720 917 820 990 posuit
842 918 938 975 metus

110 1003 143 1060 et
167 1001 226 1060 diri
247 1001 328 1060 mala
351 1003 477 1076 pectoris

110 1109 201 1166 quem
223 1109 283 1149 non
307 1090 429 1149 ambitio
453 1090 599 1167 impotens

110 1182 143 1238 et
166 1198 319 1255 nunquam
341 1179 457 1238 stabilis
480 1179 567 1239 fauor

111 1268 197 1346 uulgi
219 1266 392 1343 praecipitis
414 1270 523 1327 mouet.

63 1356 116 1416 sie
137 1376 173 1415 ex
191 1356 334 1431 Puteauo,
353 1358 471 1417 conlato
491 1357 529 1416 ad
548 1355 591 1416 ed.
610 1357 657 1415 Fr.
678 1357 866 1435 Tiliobrogae
885 1358 1083 1419 Parisiensem

64 1465 91 1505 a.
116 1448 201 1506 1600
224 1466 251 1521 p.
269 1447 342 1520 145,
366 1445 409 1506 ed.
436 1442 469 1504 G.
492 1445 676 1522 Nordmeyer
700 1439 896 1527 (Fleckeiseni
919 1447 1083 1507 Annalium

64 1533 218 1611 Supplem.
233 1534 303 1592 XIX
323 1526 434 1616 aeas.)
458 1534 582 1594 correcti
610 1536 751 1613 leguntur
777 1537 809 1594 hi
836 1555 938 1596 versus
967 1539 1028 1596 iam
1050 1540 1083 1597 in

63 1623 111 1682 ed.
134 1623 251 1683 Veneta
271 1625 356 1682 1494
380 1624 400 1681 f.
422 1624 476 1682 93r
499 1625 570 1683 extr.

137 1713 186 1770 10.
209 1712 254 1772 De
278 1712 429 1773 Boethio
452 1715 566 1790 ingenii
584 1711 741 1772 Annaeani
764 1716 795 1772 et
813 1715 886 1773 artis
904 1717 980 1774 teste
1001 1716 1082 1775 loeu-

63 1801 231 1877 pletissimo
264 1802 300 1861 ef.
334 1820 369 1860 ea
402 1820 478 1877 quae
509 1804 542 1860 in
578 1802 764 1877 praefatione
801 1804 909 1879 prioris
942 1803 1081 1865 editionis

62 1911 93 1966 p.
109 1890 169 1948 XII
191 1892 387 1967 exposuimus.
433 1890 565 1949 Iudicem
588 1891 720 1958 locorum
747 1911 782 1951 ex
804 1891 966 1970 tragoediis
984 1895 1082 1952 trans·

62 1980 197 2038 latorum
210 1979 301 2039 habes
314 1981 347 2038 in
357 1979 474 2055 Peiperi
493 1979 622 2039 editione
639 1977 857 2041 Consolationis
875 1981 1081 2059 philosophiae

62 2060 202 2150 (Lipsiae
222 2060 323 2150 1871)
347 2089 374 2144 p.
394 2069 458 2126 Ὶ228
470 2086 532 2144 sqq.

135 2160 185 2216 11.
205 2156 387 2217 Ennodius
407 2156 632 2233 op.11‚54‚14
652 2148 775 2238 (Vogel3
795 2159 869 2234 299,
885 2160 927 2219 20
946 2153 1081 2241 Hartel)t

62 2245 284 2305 adnleseentiae
306 2265 390 2305 meae
408 2247 531 2304 memini
553 2266 600 2305 me
626 2246 732 2324 legisse
751 2248 934 2323 temporibus
953 2249 989 2308 de
1009 2267 1080 2325 quo-

62 2335 135 2395 dam
158 2334 271 2394 dietum

178 2423 258 2482 exuli
280 2424 402 2482 exilium
425 2424 553 2501 imperas
576 2443 630 2483 nee
653 2424 706 2483 das
730 2419 820 2503 [Med.
840 2445 866 2484 v.
884 2420 963 2505 549]

62 2513 101 2571 ef.
126 2511 239 2572 Usener
261 2513 335 2571 Mus.
359 2513 452 2571 Rhen.
468 2513 519 2588 28,
535 2515 607 2572 391.

136 2604 185 2659 12.
209 2601 419 2660 Priscianus
441 2603 510 2660 iust.
525 2601 569 2660 IV
589 2602 629 2660 68
650 2594 680 2682 (I
695 2603 802 2677 253,6
827 2596 884 2685 H):

211 2709 229 2749 0
250 2693 354 2750 tamen
376 2692 408 2748 in
431 2691 487 2749 hoe
510 2681 659 2771 (compos)
683 2691 745 2750 solo
769 2693 936 2767 corripitur.

62 2777 177 2838 Seneea
204 2781 237 2839 in
259 2778 394 2838 Phaedra
417 2773 525 2858 [710]:
557 2779 722 2856 Hippolyte
745 2799 824 2839 nune
846 2800 894 2839 me
918 2775 978 2859 [me
1001 2800 1080 2841 nune

63 2885 100 2926 ea
126 2886 204 2926 nune
237 2887 284 2927 me
312 2885 384 2927 corr.
408 2868 677 2927 Halberetaelleasls
704 2863 788 2948 liber]
820 2871 986 2945 compotem
1016 2871 1081 2930 voti

61 2957 139 3016 facis
164 2951 271 3035 [faeias
294 2958 314 3015 l.
337 2957 486 3016 Halberst.
515 2959 545 3016 et
569 2946 747 3033 0010111111,
772 2959 862 3016 faoies
890 2957 1016 3018 Senecae
1039 2953 1079 3036 E]

61 3047 133 3105 inst.
154 3044 198 3103 VI
218 3046 258 3104 68
284 3038 313 3126 (Ι
333 3047 406 3121 253,
427 3048 468 3105 10
491 3037 549 3127 H):
579 3045 611 3103 in
641 3045 744 3106 eadem
767 3041 885 3125 [eodem
929 3048 1079 3108 Halberst.

61 3133 171 3213 Agam.
192 3133 330 3194 Weleker
348 3155 390 3212 gr,
406 3135 454 3193 Tr.
469 3134 516 3194 HI
532 3129 632 3214 1448]
656 3135 791 3210 eompbte
809 3139 880 3196 uoto
900 3132 970 3216 [Ag.
991 3132 1079 3217 379].

60 3312 91 3369 V
117 3224 196 3393 ὄξὲ)
209 3223 420 3282 Aldhelmus
444 3224 483 3282 ad
502 3223 655 3283 Aoireium
672 3243 773 3301 regem
794 3217 878 3306 (Mai,
897 3226 981 3286 alass.
1002 3229 1078 3286 aaut

92 3358 100 3387 ,
202 3355 210 3370 .

59 3446 177 3501 audeat.
205 3446 356 3500 Probabile
375 3447 471 3501 tamen
489 3446 672 3514 interpretem
691 3463 753 3500 eum
773 3447 989 3501 adramiae
1008 3448 1079 3502 haee

59 3518 215 3572 adnotaret
230 3517 325 3572 ‘Liber
332 3550 367 3556 —
377 3517 480 3571 dieitur
489 3533 603 3586 rogasse
612 3516 710 3572 Iovem
723 3519 756 3571 ut
770 3534 798 3572 se
812 3521 923 3587 patrem
932 3518 1076 3588 probaret’

58 3606 215 3646 memorem
234 3588 321 3644 firieee
339 3589 420 3643 Here.
431 3589 444 3642 I
457 3606 481 3643 v.
494 3593 527 3642 36
546 3589 668 3661 (patrem
685 3589 840 3662 probauitl.
