2394 3990
496 206 625 262 Manna
1005 208 1068 272 143

53 360 87 421 et
108 354 204 420 triste
225 354 320 419 laeva
341 374 541 439 congregans
564 374 688 417 sacrum
711 376 808 417 manu
952 332 955 336 ¹
1019 370 1070 419 680

54 448 164 529 pestes
187 446 285 509 vocat
308 462 524 526 quascumque
546 442 700 506 ferventis
723 447 809 507 creat

53 534 177 597 harena
198 530 322 615 Libyae
345 553 488 616 quasque
510 535 665 615 perpetua
686 532 760 596 nive

54 621 181 687 'faurus
206 621 355 686 cohercet
376 621 498 706 frigore
516 618 637 684 Arctoo
660 621 782 705 rigens,

55 715 87 775 et
112 732 210 775 omne
232 713 422 774 monstrum.
467 713 569 774 tracta
591 710 725 795 magicis
749 710 894 774 cantibus

55 800 255 883 squamifera
275 798 407 863 latebris
429 797 525 862 turba
547 799 679 863 desertis
703 799 799 863 adest.

55 889 110 953 hic
134 910 231 953 saeva
254 908 384 971 serpens
407 908 523 971 corpus
546 888 738 951 immensum
761 888 862 951 trahit

55 976 264 1061 trifidamque
285 976 430 1063 linguam
454 980 576 1041 exertat
599 979 631 1040 et
654 977 779 1060 quaerit
803 976 919 1060 quibus

57 1066 225 1131 mortifera
246 1066 367 1130 veniat:
390 1066 529 1129 carmine
552 1066 661 1130 audito
684 1069 792 1149 stupet

57 1155 283 1238 tumidumque
305 1154 399 1219 nodis
422 1175 538 1238 corpus
562 1155 703 1241 aggestis
725 1155 825 1238 plicat

59 1246 211 1329 cogitque
234 1244 270 1307 in
292 1244 393 1308 orbes.
439 1243 549 1327 ‘parva
571 1243 658 1307 sunt'
681 1244 787 1327 inquit
810 1243 906 1307 ‘mala

59 1338 91 1398 et
111 1334 178 1398 vile
201 1334 302 1397 telum
326 1336 388 1415 est,
411 1333 477 1397 ima
499 1333 585 1416 quod
606 1333 703 1397 tellus
726 1336 824 1397 creat:

59 1424 147 1487 caelo
171 1425 281 1506 petam
302 1443 433 1486 venena.
479 1422 544 1485 iam
567 1421 632 1485 iam
654 1425 782 1505 tempus
806 1425 854 1485 est

59 1512 182 1595 ah'qnid
205 1531 333 1575 movere
355 1510 467 1575 fraude
489 1511 615 1595 vulgari
638 1511 743 1576 altius.

58 1598 122 1665 huc
145 1600 203 1663 ille
225 1599 309 1663 vasti
332 1620 420 1663 more
442 1600 593 1663 torrentis
616 1600 722 1664 iacens

58 1689 231 1754 descendat
253 1688 384 1773 anguis,
406 1689 497 1752 cuius
521 1689 694 1752 immensos
719 1688 812 1771 duae,

58 1778 163 1842 maior
184 1778 367 1861 minorque,
390 1777 532 1841 sentiunt
554 1778 656 1842 nodos
678 1778 763 1841 ferae

60 1864 179 1953 (maior
201 1864 345 1952 Pelasgis
368 1870 459 1950 apta,
482 1864 622 1930 Sidoniis
646 1864 764 1953 minor)

59 1977 249 2041 pressasque
271 1955 401 2019 tandem
425 1956 529 2019 solvat
552 1952 741 2038 Ophiuchus
764 1977 877 2019 manus

59 2046 211 2128 virusque
233 2044 360 2128 fundat3
383 2044 466 2109 adsit
489 2046 529 2109 ad
552 2048 664 2108 cantus
687 2066 775 2107 meos

59 2132 215 2199 lacessere
238 2154 334 2197 ausus
358 2134 486 2219 gemina
508 2131 638 2217 Python
660 2134 800 2196 numina.

59 2226 92 2287 et
113 2222 229 2305 Hydra
251 2226 283 2286 et
306 2222 411 2287 omnis
433 2223 542 2286 redeat
564 2220 722 2287 Herculea
744 2244 841 2285 mann

60 2312 185 2375 succisa
208 2332 352 2395 serpens,
375 2312 470 2376 caede
493 2334 527 2376 se
549 2334 700 2395 reparans
724 2333 789 2374 sua.

58 2405 93 2466 tu
119 2421 249 2484 quoque
270 2400 392 2465 relictis
414 2400 553 2486 pervigil
576 2398 704 2464 Colchis
727 2400 814 2483 ades,

59 2490 166 2573 sopite
188 2490 330 2572 primum
353 2490 515 2571 cantibus,
538 2512 680 2572 serpens,
703 2489 804 2552 meis?

125 2576 305 2661 Postquam
327 2579 471 2642 evocavit
495 2600 588 2641 omne
612 2583 794 2661 serpentum
818 2599 932 2664 genus,

58 2667 207 2753 congerit
229 2668 265 2731 in
286 2689 387 2731 unum
408 2667 512 2753 hugis
535 2668 692 2731 infaustae
715 2668 812 2730 mala:

59 2776 282 2841 quaecumque
306 2759 436 2841 generat
458 2756 565 2820 invius
589 2758 674 2820 saxis
696 2755 799 2839 Eryx,

61 2866 144 2931 quae
166 2845 232 2911 fert
254 2844 374 2929 opertis
396 2844 502 2909 hieme
524 2849 679 2928 perpetua
701 2845 786 2930 iugis

130 3006 186 3057 886
204 3008 415 3071 comprecanan
434 3001 639 3071 complicensa
657 3004 831 3072 (comparens
846 3002 980 3055 Bitctcles
998 3018 1072 3055 oom-

58 3072 184 3143 primane
198 3072 364 3144 Κοαεοῖιαιι)
378 3088 446 3129 corr.
462 3074 574 3129 Richter
586 3076 595 3143 d
609 3079 658 3126 681
672 3074 820 3142 pestesque
834 3077 871 3125 87
888 3072 1009 3126 feruenti
1022 3077 1073 3125 ΕΔ

58 3161 127 3201 corr.
145 3156 176 3211 ψ
195 3148 228 3213 (τ
247 3144 309 3213 Va.)
325 3146 335 3214 tt
348 3149 400 3198 688
419 3147 497 3199 arcto
516 3144 607 3199 oriens
625 3148 670 3215 Eu
684 3150 736 3198 664
756 3143 812 3198 coit
826 3160 907 3197 omne
925 3145 957 3197 ci.
973 3146 1073 3211 Perper

59 3232 94 3271 eu
107 3232 133 3271 ο.
142 3234 181 3271 m.
192 3216 349 3271 Koressos
361 3218 371 3284 t
385 3220 436 3269 686
452 3232 585 3284 squamea
598 3215 646 3270 lat.
660 3221 684 3269 Δ
696 3219 706 3285 ΙΙ
720 3221 772 3268 666
786 3231 848 3269 sera
861 3219 885 3267 Δ
897 3219 906 3284 Η
921 3221 972 3268 667
988 3231 1072 3281 quae-

58 3304 122 3343 rens
136 3288 242 3361 811688
255 3286 313 3341 iam
326 3289 460 3342 nancte
474 3292 497 3340 Δ
510 3287 568 3341 iarn
581 3289 601 3341 t.
613 3304 627 3341 e
641 3293 662 3340 Ε
678 3304 744 3342 corr.
756 3288 865 3342 Gnouton
874 3287 883 3357 Η
894 3292 1033 3340 684-766
1048 3293 1073 3340 ct

58 3362 203 3413 raa-¹144
221 3365 317 3414 natant
333 3360 366 3411 in
378 3362 401 3411 B
414 3360 424 3427 n
437 3363 489 3412 686
500 3365 563 3427 post
576 3364 625 3411 761
638 3364 661 3410 R
675 3362 684 3429 Η
698 3364 749 3411 686
765 3358 901 3427 ophiucus
919 3364 968 3410 RE
992 3357 1072 3425 ophi-

59 3430 140 3485 ulcus
154 3435 192 3484 Δῑ
208 3432 286 3500 11668
303 3428 406 3483 fundat
423 3428 460 3482 a¹
478 3430 632 3483 eandatlt1
645 3433 654 3500 ΙΙ
668 3436 720 3483 766
738 3430 847 3498 phyton
860 3434 910 3482 ΕΔ
923 3431 932 3497 ΙΙ
946 3434 995 3481 761
1013 3444 1072 3480 mc-

58 3520 113 3557 nua
125 3506 177 3555 H
213 3506 268 3555 768
283 3500 393 3573 succisa
403 3504 478 3568 (ante
492 3517 509 3554 a
522 3509 660 3570 expuncta
673 3504 686 3555 t
699 3503 740 3556 cel
754 3502 764 3553 i
778 3508 810 3554 ut
823 3501 890 3568 oid.)
900 3505 923 3551 R
935 3501 938 3571 4
952 3499 1049 3571 spdeE
1063 3500 1073 3571 t}

59 3578 113 3628 768
127 3572 191 3629 oolc
212 3572 219 3585 ’
244 3578 268 3626 B
280 3574 291 3643 ΙΙ
304 3577 357 3627 766
371 3571 491 3641 contigit
504 3574 533 3643 (i.
549 3589 569 3627 e.
586 3572 713 3643 conligit)
723 3577 759 3624 Δτ
780 3574 784 3644 Ι
799 3571 900 3642 frugiis
913 3569 1076 3624 infantaelt
