2394 3990
72 171 75 175 ¹
136 204 200 259 xvi
537 203 740 258 1111111110

135 357 226 414 sionis
249 355 277 413 A
301 357 517 432 pertractatum
549 355 589 414 sit
623 358 653 412 et
678 355 874 430 perpolitum,
905 357 940 413 ut
977 355 1145 433 legentibus

134 447 248 504 textum
275 445 453 520 proponeret
479 463 539 502 non
565 446 628 502 tam
659 444 819 520 genuinum
849 447 879 502 et
908 463 1023 518 verum,
1056 466 1145 522 quam

135 534 254 592 facilem
275 532 429 591 intellectu
453 535 483 592 et
504 531 673 591 rotundum.
709 532 814 608 Neque
837 532 945 592 adduci
962 552 1094 610 possum,
1113 538 1145 595 ut

135 640 236 682 eorum
263 623 427 681 sententiae
455 622 612 695 assentiar,
639 622 666 680 si
693 622 745 696 qui
767 623 952 680 noviciorum
974 623 1145 683 criticorum

134 729 237 789 parem
263 712 383 785 utrique
403 711 576 782 ,recensioni
606 711 815 768 auctoritatem
841 710 1053 770 vindicandam
1083 730 1144 772 esse

136 801 281 859 censeant.
304 795 622 874 Nam'interpolatoris
638 797 779 858 lectiones
798 801 932 874 quisquis
950 801 1041 876 paulo
1061 820 1144 860 accu-

134 889 228 948 ratius
257 888 481 963 examinaverit,
510 889 623 963 quanta
651 887 702 945 ille
729 889 761 945 in
788 888 974 947 immutanda
1001 887 1041 947 ad
1068 890 1142 948 ludi·

134 977 232 1036 brium
254 977 379 1036 lectione
403 976 527 1036 audacia
551 979 582 1035 et
604 976 727 1034 libidine
754 979 889 1036 versatus
913 979 965 1051 sit,
993 996 1054 1036 non
1081 980 1143 1038 sine

135 1065 331 1124 admiratione
354 1065 482 1141 quadam
504 1066 666 1142 intelleget.

200 1154 263 1213 Neo
290 1171 360 1213 sane
389 1153 510 1213 difficile
537 1157 583 1213 est
608 1155 641 1211 in
668 1154 710 1212 eis
733 1172 810 1229 quae
834 1154 998 1232 singularia
1021 1159 1092 1214 sunt
1115 1159 1144 1216 et

134 1245 302 1318 conspicua,
325 1245 496 1302 correctoris
520 1242 676 1301 audaciam
699 1261 882 1320 cognoscere,
905 1242 956 1302 sed
979 1261 1068 1320 saepe
1091 1248 1143 1320 est,

133 1332 185 1390 ubi
208 1332 351 1392 occultior
374 1333 437 1391 eius
460 1331 602 1391 sedulitas
620 1333 761 1390 lectorem
778 1350 885 1407 parum
902 1332 1081 1408 vigilantem
1098 1334 1143 1391 fu-

134 1422 205 1499 giat.
243 1420 301 1480 Sed
319 1420 493 1497 diligentius
515 1421 577 1479 eius
600 1420 777 1479 industriam
800 1420 989 1480 observantes
1009 1423 1040 1479 et
1058 1423 1144 1497 quasi

134 1508 333 1569 custodientes
361 1527 421 1567 11011
451 1508 549 1584 fallet,
579 1507 681 1567 dedita
710 1527 799 1584 opera
828 1510 884 1568 hoc
914 1529 981 1569 eum
1010 1513 1143 1569 secutum

134 1616 211 1671 esse,
238 1600 273 1656 ut
301 1598 475 1656 elocutionis
503 1600 533 1656 et
555 1598 720 1657 structurae
743 1597 934 1657 difficultates
963 1601 993 1657 et
1016 1600 1141 1675 exquisi-

133 1689 224 1746 tiores
243 1686 408 1763 elegantias
425 1688 599 1761 removeret,
617 1686 649 1744 id
671 1705 742 1763 prae
761 1688 866 1746 ceteris
885 1705 985 1764 agens,
1003 1690 1039 1745 ut
1056 1689 1143 1748 facile

134 1779 164 1835 et
183 1774 333 1834 commode
351 1773 521 1852 tragoedias
539 1776 645 1834 lecturi
663 1776 881 1854 intellegerent.
918 1775 976 1851 Sic,
994 1778 1031 1834 ut
1048 1795 1143 1853 pauca

134 1883 372 1937 commemorem,
403 1865 512 1922 tmesin
544 1866 665 1924 sustulit
695 1864 772 1924 Med.
802 1866 864 1924 605
880 1884 924 1940 sq.
953 1867 1143 1942 conspicuam

135 1945 253 2033 (rumpe
275 1971 329 2012 nec
352 1971 435 2012 sacro
458 1952 588 2013 violente
611 1956 714 2012 sancta
737 1953 856 2012 foedera
879 1953 991 2028 mundi,
1003 1971 1063 2028 pro
1086 1973 1142 2028 quo

134 2043 264 2116 scripsit:
285 2062 309 2099 r.
328 2061 356 2099 n.
380 2044 476 2100 sancti
502 2042 632 2101 violente
659 2041 763 2100 mundi
789 2042 908 2101 foedera
936 2034 1048 2124 sacra),
1071 2044 1142 2103 item

134 2132 383 2190 constructionem
408 2131 458 2190 vel
490 2131 714 2191 collocationem
745 2130 902 2190 verborum
932 2132 1142 2209 elegantiorem

134 2211 330 2301 (hypallagen
356 2219 407 2278 Hf.
432 2221 505 2279 475.
535 2222 621 2280 1270
643 2219 682 2278 M.
703 2220 775 2278 570.
804 2221 871 2278 Tro.
892 2221 964 2279 159.
990 2221 1051 2279 251
1081 2225 1143 2296 etc,

134 2311 297 2368 chiasmum
323 2308 467 2368 111470.
497 2311 596 2383 1270,
622 2308 809 2385 hyperbaton
835 2308 886 2366 Hf.
907 2310 984 2384 769,
1012 2312 1141 2387 gemina-

132 2400 245 2457 tionem
271 2397 321 2455 Hf.
346 2398 409 2456 523
437 2398 477 2456 M.
502 2399 563 2456 266
593 2398 660 2457 Τ10.
686 2388 777 2478 739);
809 2399 970 2473 exquisitas
1002 2398 1143 2474 loquendi

133 2487 182 2545 vel
214 2486 402 2546 construendi
431 2488 575 2546 formulas
607 2486 790 2546 facilioribus
818 2488 1034 2562 compensavit,
1062 2489 1142 2547 velut

132 2575 183 2634 Hf.
210 2577 252 2633 24
284 2577 415 2653 scripsit:
446 2577 478 2634 in
510 2577 592 2635 cuius
625 2577 692 2634 ortu
723 2575 849 2634 mundus
881 2575 1028 2652 impendit
1065 2577 1142 2636 diem

130 2682 203 2739 pro:
226 2666 316 2740 ortus,
341 2665 404 2722 213
428 2683 481 2723 nec
504 2665 567 2722 ulla
589 2667 705 2740 requies
727 2667 844 2741 tempus
867 2667 920 2723 aut
941 2663 1037 2722 ullum
1055 2665 1143 2724 datur

128 2772 199 2828 pro:
224 2755 324 2828 vacat,
355 2755 419 2813 370
449 2755 594 2813 sociemur
623 2755 736 2813 animos
757 2770 830 2828 pro:
857 2755 1002 2813 sociemur
1027 2756 1143 2828 animis,

134 2843 197 2902 438
226 2843 365 2901 caelitum
395 2845 534 2918 penetrat
561 2842 662 2902 domos
684 2860 757 2917 pro:
791 2844 904 2919 sperat,
933 2843 995 2901 916
1029 2843 1156 2902 nobiles.

133 2931 235 2990 Dirces
264 2949 355 3006 aquas
377 2949 450 3004 pro:
480 2932 589 2992 nobilis
620 2931 730 2990 Dircen
759 2949 867 3007 aquae,
904 2932 987 2991 1157
1022 2951 1143 3010 exurge,

134 3021 231 3079 victor
254 3036 326 3093 pro:
357 3021 465 3095 virtus,
493 3020 526 3081 Ο.
547 3021 609 3080 538
639 3038 741 3080 amara
767 3020 865 3080 baccis
886 3037 959 3093 pro:
987 3038 1012 3078 a.
1040 3019 1143 3094 bacas,

135 3109 199 3167 544
223 3100 338 3188 (arbor)
362 3108 469 3168 diffusa
490 3110 938 3184 11111111101111110171547
958 3111 1027 3185 post
1050 3126 1142 3168 annos

134 3196 234 3256 decem
250 3213 323 3270 pro:
340 3217 369 3274 p.
387 3198 498 3257 hiemes
525 3199 638 3274 decem,
666 3199 727 3257 alia
754 3197 884 3258 eiusdem
912 3199 1028 3276 generis
1055 3199 1143 3256 innu-

133 3305 227 3361 mera,
252 3305 327 3361 quae
350 3287 376 3345 si
399 3287 465 3362 quis
493 3290 657 3347 accuratius
684 3289 822 3363 persequi
844 3288 938 3361 volet,
961 3287 1061 3369 fructu
1083 3306 1143 3346 11011

134 3375 253 3435 carebit.

200 3463 282 3533 Quae
301 3483 367 3522 cum
385 3465 430 3523 ita
448 3467 517 3540 sint,
534 3465 629 3524 multo
649 3483 718 3524 sane
737 3465 900 3542 simplicius
918 3463 1035 3524 cederet
1053 3482 1145 3542 opera

133 3553 354 3631 tragoediarum
376 3555 553 3613 recensionis
577 3557 607 3613 et
628 3555 850 3628 emendationis,
873 3555 899 3613 si
921 3570 1042 3628 prorsus
1064 3551 1145 3613 abici
