<?xml version="1.0" encoding="UTF-8"?>
<!DOCTYPE html PUBLIC "-//W3C//DTD XHTML 1.0 Transitional//EN"
    "http://www.w3.org/TR/xhtml1/DTD/xhtml1-transitional.dtd">
<html xmlns="http://www.w3.org/1999/xhtml" xml:lang="en" lang="en">
 <head>
  <title>
</title>
<meta http-equiv="Content-Type" content="text/html;charset=utf-8" />
  <meta name='ocr-system' content='tesseract 3.04.00' />
  <meta name='ocr-capabilities' content='ocr_page ocr_carea ocr_par ocr_line ocrx_word'/>
</head>
<body>
  <div class='ocr_page' id='page_1' title='image "./tragoediae01senegoog_0214.png"; bbox 0 0 2394 3990; ppageno 0'>
   <div class='ocr_carea' id='block_1_1' title="bbox 453 227 644 282">
    <p class='ocr_par' dir='ltr' id='par_1_1' title="bbox 453 227 644 282">
     <span class='ocr_line' id='line_1_1' title="bbox 453 227 644 282; baseline 0.005 -1"><span class='ocrx_word' id='word_1_1' title='bbox 453 276 456 281; x_wconf 93' lang='lat'>.</span> <span class='ocrx_word' id='word_1_2' title='bbox 470 227 644 282; x_wconf 71' lang='lat' dir='ltr'><strong>PHAHDHA</strong></span> 
     </span>
    </p>
   </div>
   <div class='ocr_carea' id='block_1_2' title="bbox 51 372 1070 3216">
    <p class='ocr_par' dir='ltr' id='par_1_2' title="bbox 51 372 886 458">
     <span class='ocr_line' id='line_1_2' title="bbox 51 372 886 458; baseline 0.001 -22"><span class='ocrx_word' id='word_1_3' title='bbox 51 376 185 456; x_wconf 81' lang='lat' dir='ltr'><strong>experta</strong></span> <span class='ocrx_word' id='word_1_4' title='bbox 207 394 336 436; x_wconf 83' lang='lat' dir='ltr'><strong>saevam</strong></span> <span class='ocrx_word' id='word_1_5' title='bbox 359 377 408 436; x_wconf 89' lang='lat' dir='ltr'><strong>est</strong></span> <span class='ocrx_word' id='word_1_6' title='bbox 431 373 566 437; x_wconf 86' lang='lat' dir='ltr'><strong>barbara</strong></span> <span class='ocrx_word' id='word_1_7' title='bbox 584 372 725 458; x_wconf 81' lang='lat' dir='ltr'><strong>Antiope</strong></span> <span class='ocrx_word' id='word_1_8' title='bbox 748 397 886 439; x_wconf 90' lang='lat' dir='ltr'><strong>manum.</strong></span> 
     </span>
    </p>

    <p class='ocr_par' dir='ltr' id='par_1_3' title="bbox 52 461 785 548">
     <span class='ocr_line' id='line_1_3' title="bbox 52 461 785 548; baseline 0.001 -22"><span class='ocrx_word' id='word_1_9' title='bbox 52 462 106 526; x_wconf 88' lang='lat' dir='ltr'><strong>sed</strong></span> <span class='ocrx_word' id='word_1_10' title='bbox 129 483 228 545; x_wconf 85' lang='lat' dir='ltr'><strong>posse</strong></span> <span class='ocrx_word' id='word_1_11' title='bbox 250 461 337 526; x_wconf 88' lang='lat' dir='ltr'><strong>flecti</strong></span> <span class='ocrx_word' id='word_1_12' title='bbox 360 463 530 548; x_wconf 84' lang='lat' dir='ltr'><strong>coniugem</strong></span> <span class='ocrx_word' id='word_1_13' title='bbox 554 463 671 526; x_wconf 87' lang='lat' dir='ltr'><strong>iratum</strong></span> <span class='ocrx_word' id='word_1_14' title='bbox 695 468 785 547; x_wconf 89' lang='lat' dir='ltr'><strong>puta:</strong></span> 
     </span>
    </p>

    <p class='ocr_par' dir='ltr' id='par_1_4' title="bbox 54 549 823 634">
     <span class='ocr_line' id='line_1_4' title="bbox 54 549 823 634; baseline 0.001 -20"><span class='ocrx_word' id='word_1_15' title='bbox 54 551 123 634; x_wconf 88' lang='lat' dir='ltr'><strong>quis</strong></span> <span class='ocrx_word' id='word_1_16' title='bbox 146 549 246 614; x_wconf 83' lang='lat' dir='ltr'><strong>huius</strong></span> <span class='ocrx_word' id='word_1_17' title='bbox 270 550 412 614; x_wconf 87' lang='lat' dir='ltr'><strong>animum</strong></span> <span class='ocrx_word' id='word_1_18' title='bbox 435 551 543 615; x_wconf 89' lang='lat' dir='ltr'><strong>flectet</strong></span> <span class='ocrx_word' id='word_1_19' title='bbox 566 552 823 616; x_wconf 79' lang='lat' dir='ltr'><strong>intractabilem?</strong></span> 
     </span>
    </p>

    <p class='ocr_par' dir='ltr' id='par_1_5' title="bbox 54 640 710 726">
     <span class='ocr_line' id='line_1_5' title="bbox 54 640 710 726; baseline 0.002 -23"><span class='ocrx_word' id='word_1_20' title='bbox 54 661 170 704; x_wconf 83' lang='lat' dir='ltr'><strong>exosus</strong></span> <span class='ocrx_word' id='word_1_21' title='bbox 194 660 289 702; x_wconf 91' lang='lat' dir='ltr'><strong>omne</strong></span> <span class='ocrx_word' id='word_1_22' title='bbox 311 640 449 703; x_wconf 90' lang='lat' dir='ltr'><strong>feminae</strong></span> <span class='ocrx_word' id='word_1_23' title='bbox 471 661 590 704; x_wconf 92' lang='lat' dir='ltr'><strong>nomen</strong></span> <span class='ocrx_word' id='word_1_24' title='bbox 612 641 710 726; x_wconf 78' lang='lat' dir='ltr'><strong>fugit,</strong></span> 
     </span>
    </p>

    <p class='ocr_par' dir='ltr' id='par_1_6' title="bbox 55 728 683 813">
     <span class='ocr_line' id='line_1_6' title="bbox 55 728 683 813; baseline 0 -20"><span class='ocrx_word' id='word_1_25' title='bbox 55 728 189 793; x_wconf 89' lang='lat' dir='ltr'><strong>immitis</strong></span> <span class='ocrx_word' id='word_1_26' title='bbox 214 750 315 791; x_wconf 81' lang='lat' dir='ltr'><strong>annos</strong></span> <span class='ocrx_word' id='word_1_27' title='bbox 338 729 454 792; x_wconf 86' lang='lat' dir='ltr'><strong>caelibi</strong></span> <span class='ocrx_word' id='word_1_28' title='bbox 476 730 560 793; x_wconf 87' lang='lat' dir='ltr'><strong>vitae</strong></span> <span class='ocrx_word' id='word_1_29' title='bbox 584 730 683 813; x_wconf 78' lang='lat' dir='ltr'><strong>dicat,</strong></span> 
     </span>
    </p>

    <p class='ocr_par' dir='ltr' id='par_1_7' title="bbox 55 815 780 903">
     <span class='ocr_line' id='line_1_7' title="bbox 55 815 780 903; baseline -0.001 -20"><span class='ocrx_word' id='word_1_30' title='bbox 55 817 194 883; x_wconf 80' lang='lat' dir='ltr'><strong>conubia</strong></span> <span class='ocrx_word' id='word_1_31' title='bbox 216 817 311 881; x_wconf 82' lang='lat' dir='ltr'><strong>vitat:</strong></span> <span class='ocrx_word' id='word_1_32' title='bbox 334 839 435 903; x_wconf 82' lang='lat' dir='ltr'><strong>genus</strong></span> <span class='ocrx_word' id='word_1_33' title='bbox 454 815 666 881; x_wconf 81' lang='lat' dir='ltr'><strong>Amazonium</strong></span> <span class='ocrx_word' id='word_1_34' title='bbox 691 820 780 882; x_wconf 89' lang='lat' dir='ltr'><strong>scias.</strong></span> 
     </span>
    </p>

    <p class='ocr_par' dir='ltr' id='par_1_8' title="bbox 56 904 858 992">
     <span class='ocr_line' id='line_1_8' title="bbox 56 904 858 992; baseline 0.001 -22"><span class='ocrx_word' id='word_1_35' title='bbox 56 925 108 970; x_wconf 91' lang='lat' dir='ltr'><strong>PH.</strong></span> <span class='ocrx_word' id='word_1_36' title='bbox 130 904 230 969; x_wconf 92' lang='lat' dir='ltr'><strong>Hunc</strong></span> <span class='ocrx_word' id='word_1_37' title='bbox 253 906 288 968; x_wconf 92' lang='lat' dir='ltr'><strong>in</strong></span> <span class='ocrx_word' id='word_1_38' title='bbox 309 907 414 970; x_wconf 85' lang='lat' dir='ltr'>nivosi</span> <span class='ocrx_word' id='word_1_39' title='bbox 438 907 530 971; x_wconf 90' lang='lat' dir='ltr'><strong>collis</strong></span> <span class='ocrx_word' id='word_1_40' title='bbox 553 907 736 971; x_wconf 88' lang='lat' dir='ltr'><strong>haerentem</strong></span> <span class='ocrx_word' id='word_1_41' title='bbox 760 909 858 992; x_wconf 83' lang='lat' dir='ltr'><strong>iugis,</strong></span> 
     </span>
    </p>

    <p class='ocr_par' dir='ltr' id='par_1_9' title="bbox 57 995 726 1079">
     <span class='ocr_line' id='line_1_9' title="bbox 57 995 726 1079; baseline 0.001 -20"><span class='ocrx_word' id='word_1_42' title='bbox 57 1000 87 1059; x_wconf 88' lang='lat' dir='ltr'><strong>et</strong></span> <span class='ocrx_word' id='word_1_43' title='bbox 108 1017 224 1078; x_wconf 84' lang='lat' dir='ltr'><strong>aspera</strong></span> <span class='ocrx_word' id='word_1_44' title='bbox 247 995 325 1079; x_wconf 82' lang='lat' dir='ltr'><strong>agili</strong></span> <span class='ocrx_word' id='word_1_45' title='bbox 348 1017 425 1059; x_wconf 84' lang='lat' dir='ltr'><strong>saxa</strong></span> <span class='ocrx_word' id='word_1_46' title='bbox 447 995 623 1059; x_wconf 89' lang='lat' dir='ltr'><strong>calcantem</strong></span> <span class='ocrx_word' id='word_1_47' title='bbox 646 997 726 1079; x_wconf 92' lang='lat' dir='ltr'><strong>pede</strong></span> 
     </span>
    </p>

    <p class='ocr_par' dir='ltr' id='par_1_10' title="bbox 58 1085 1066 1256">
     <span class='ocr_line' id='line_1_10' title="bbox 58 1085 1066 1169; baseline 0.002 -23"><span class='ocrx_word' id='word_1_48' title='bbox 58 1085 146 1167; x_wconf 82' lang='lat' dir='ltr'><strong>sequi</strong></span> <span class='ocrx_word' id='word_1_49' title='bbox 170 1106 228 1168; x_wconf 88' lang='lat' dir='ltr'><strong>per</strong></span> <span class='ocrx_word' id='word_1_50' title='bbox 250 1085 316 1147; x_wconf 82' lang='lat' dir='ltr'><strong>alta</strong></span> <span class='ocrx_word' id='word_1_51' title='bbox 337 1106 480 1166; x_wconf 82' lang='lat' dir='ltr'><strong>nemora,</strong></span> <span class='ocrx_word' id='word_1_52' title='bbox 503 1106 561 1168; x_wconf 89' lang='lat' dir='ltr'><strong>per</strong></span> <span class='ocrx_word' id='word_1_53' title='bbox 583 1089 708 1149; x_wconf 86' lang='lat' dir='ltr'><strong>montes</strong></span> <span class='ocrx_word' id='word_1_54' title='bbox 732 1087 845 1169; x_wconf 93' lang='lat' dir='ltr'><strong>placet.</strong></span> <span class='ocrx_word' id='word_1_55' title='bbox 1015 1102 1066 1149; x_wconf 79' lang='lat'><strong>235</strong></span> 
     </span>
     <span class='ocr_line' id='line_1_11' title="bbox 59 1171 862 1256; baseline 0.004 -21"><span class='ocrx_word' id='word_1_56' title='bbox 59 1191 158 1236; x_wconf 79' lang='lat' dir='ltr'><strong>HVTH.</strong></span> <span class='ocrx_word' id='word_1_57' title='bbox 182 1171 324 1236; x_wconf 80' lang='lat' dir='ltr'><strong>Resistet</strong></span> <span class='ocrx_word' id='word_1_58' title='bbox 345 1173 400 1236; x_wconf 84' lang='lat' dir='ltr'><strong>ille</strong></span> <span class='ocrx_word' id='word_1_59' title='bbox 423 1195 520 1256; x_wconf 89' lang='lat' dir='ltr'><strong>seque</strong></span> <span class='ocrx_word' id='word_1_60' title='bbox 543 1174 749 1238; x_wconf 80' lang='lat' dir='ltr'><strong>mulcendum</strong></span> <span class='ocrx_word' id='word_1_61' title='bbox 773 1175 862 1238; x_wconf 91' lang='lat' dir='ltr'><strong>dabit</strong></span> 
     </span>
    </p>

    <p class='ocr_par' dir='ltr' id='par_1_11' title="bbox 60 1261 811 1344">
     <span class='ocr_line' id='line_1_12' title="bbox 60 1261 811 1344; baseline 0.001 -18"><span class='ocrx_word' id='word_1_62' title='bbox 60 1267 226 1344; x_wconf 86' lang='lat' dir='ltr'><strong>castosque</strong></span> <span class='ocrx_word' id='word_1_63' title='bbox 247 1261 329 1325; x_wconf 88' lang='lat' dir='ltr'><strong>ritus</strong></span> <span class='ocrx_word' id='word_1_64' title='bbox 346 1261 472 1327; x_wconf 80' lang='lat' dir='ltr'><strong>‚Venere</strong></span> <span class='ocrx_word' id='word_1_65' title='bbox 496 1284 562 1326; x_wconf 94' lang='lat' dir='ltr'><strong>non</strong></span> <span class='ocrx_word' id='word_1_66' title='bbox 584 1267 672 1327; x_wconf 89' lang='lat' dir='ltr'><strong>casta</strong></span> <span class='ocrx_word' id='word_1_67' title='bbox 695 1264 811 1327; x_wconf 82' lang='lat' dir='ltr'><strong>exuet?</strong></span> 
     </span>
    </p>

    <p class='ocr_par' dir='ltr' id='par_1_12' title="bbox 59 1349 754 1434">
     <span class='ocr_line' id='line_1_13' title="bbox 59 1349 754 1434; baseline -0.004 -16"><span class='ocrx_word' id='word_1_68' title='bbox 59 1352 115 1419; x_wconf 84' lang='lat' dir='ltr'><strong>tibi</strong></span> <span class='ocrx_word' id='word_1_69' title='bbox 137 1354 239 1434; x_wconf 89' lang='lat' dir='ltr'><strong>ponet</strong></span> <span class='ocrx_word' id='word_1_70' title='bbox 262 1349 384 1432; x_wconf 85' lang='lat' dir='ltr'><strong>odium,</strong></span> <span class='ocrx_word' id='word_1_71' title='bbox 407 1352 497 1415; x_wconf 88' lang='lat' dir='ltr'><strong>ouius</strong></span> <span class='ocrx_word' id='word_1_72' title='bbox 521 1351 595 1415; x_wconf 92' lang='lat' dir='ltr'><strong>odio</strong></span> <span class='ocrx_word' id='word_1_73' title='bbox 617 1352 754 1416; x_wconf 75' lang='lat' dir='ltr'><strong>forsitan</strong></span> 
     </span>
    </p>

    <p class='ocr_par' dir='ltr' id='par_1_13' title="bbox 60 1439 940 1525">
     <span class='ocr_line' id='line_1_14' title="bbox 60 1439 940 1525; baseline 0.001 -21"><span class='ocrx_word' id='word_1_74' title='bbox 60 1440 261 1523; x_wconf 69' lang='lat' dir='ltr'>persequitur</span> <span class='ocrx_word' id='word_1_75' title='bbox 283 1439 415 1504; x_wconf 84' lang='lat' dir='ltr'><strong>omnes?</strong></span> <span class='ocrx_word' id='word_1_76' title='bbox 438 1441 586 1523; x_wconf 89' lang='lat' dir='ltr'><strong>precibus</strong></span> <span class='ocrx_word' id='word_1_77' title='bbox 609 1441 696 1504; x_wconf 85' lang='lat' dir='ltr'><strong>haud</strong></span> <span class='ocrx_word' id='word_1_78' title='bbox 718 1443 803 1505; x_wconf 83' lang='lat' dir='ltr'><strong>vinci</strong></span> <span class='ocrx_word' id='word_1_79' title='bbox 827 1446 940 1525; x_wconf 86' lang='lat' dir='ltr'><strong>potest.</strong></span> 
     </span>
    </p>

    <p class='ocr_par' dir='ltr' id='par_1_14' title="bbox 58 1527 1068 2235">
     <span class='ocr_line' id='line_1_15' title="bbox 60 1527 1067 1595; baseline 0.002 -3"><span class='ocrx_word' id='word_1_80' title='bbox 60 1547 109 1593; x_wconf 88' lang='lat' dir='ltr'><strong>PH.</strong></span> <span class='ocrx_word' id='word_1_81' title='bbox 132 1527 235 1592; x_wconf 84' lang='lat' dir='ltr'><strong>Ferus</strong></span> <span class='ocrx_word' id='word_1_82' title='bbox 258 1528 327 1592; x_wconf 82' lang='lat' dir='ltr'><strong>est?</strong></span> <span class='ocrx_word' id='word_1_83' title='bbox 350 1550 459 1592; x_wconf 89' lang='lat' dir='ltr'><strong>amore</strong></span> <span class='ocrx_word' id='word_1_84' title='bbox 482 1528 651 1594; x_wconf 78' lang='lat' dir='ltr'><strong>didicimus</strong></span> <span class='ocrx_word' id='word_1_85' title='bbox 673 1531 760 1595; x_wconf 86' lang='lat' dir='ltr'><strong>vinci</strong></span> <span class='ocrx_word' id='word_1_86' title='bbox 782 1532 875 1594; x_wconf 81' lang='lat' dir='ltr'><strong>feros.</strong></span> <span class='ocrx_word' id='word_1_87' title='bbox 1015 1546 1067 1594; x_wconf 79' lang='lat'><strong>240</strong></span> 
     </span>
     <span class='ocr_line' id='line_1_16' title="bbox 60 1615 1041 1704; baseline 0 -22"><span class='ocrx_word' id='word_1_88' title='bbox 60 1636 159 1682; x_wconf 78' lang='lat' dir='ltr'><strong>HVTR.</strong></span> <span class='ocrx_word' id='word_1_89' title='bbox 183 1615 309 1701; x_wconf 85' lang='lat' dir='ltr'><strong>Fugiet.</strong></span> <span class='ocrx_word' id='word_1_90' title='bbox 353 1635 408 1681; x_wconf 92' lang='lat' dir='ltr'><strong>PH.</strong></span> <span class='ocrx_word' id='word_1_91' title='bbox 431 1616 494 1682; x_wconf 91' lang='lat' dir='ltr'><strong>Per</strong></span> <span class='ocrx_word' id='word_1_92' title='bbox 515 1619 585 1702; x_wconf 91' lang='lat' dir='ltr'><strong>ipsa</strong></span> <span class='ocrx_word' id='word_1_93' title='bbox 607 1620 708 1683; x_wconf 88' lang='lat' dir='ltr'><strong>maria</strong></span> <span class='ocrx_word' id='word_1_94' title='bbox 731 1621 758 1684; x_wconf 89' lang='lat' dir='ltr'><strong>si</strong></span> <span class='ocrx_word' id='word_1_95' title='bbox 780 1620 896 1704; x_wconf 79' lang='lat' dir='ltr'><strong>fugiet,</strong></span> <span class='ocrx_word' id='word_1_96' title='bbox 920 1641 1041 1702; x_wconf 88' lang='lat' dir='ltr'><strong>sequar.</strong></span> 
     </span>
     <span class='ocr_line' id='line_1_17' title="bbox 60 1705 1067 1772; baseline -0.001 -2"><span class='ocrx_word' id='word_1_97' title='bbox 60 1725 159 1770; x_wconf 68' lang='grc' dir='ltr'><strong>ΜΒ.</strong></span> <span class='ocrx_word' id='word_1_98' title='bbox 183 1705 288 1769; x_wconf 86' lang='lat' dir='ltr'><strong>Patris</strong></span> <span class='ocrx_word' id='word_1_99' title='bbox 310 1711 480 1770; x_wconf 86' lang='lat' dir='ltr'><strong>memento.</strong></span> <span class='ocrx_word' id='word_1_100' title='bbox 521 1725 575 1771; x_wconf 92' lang='lat' dir='ltr'><strong>PH.</strong></span> <span class='ocrx_word' id='word_1_101' title='bbox 599 1707 805 1772; x_wconf 85' lang='lat' dir='ltr'><strong>Meminimus</strong></span> <span class='ocrx_word' id='word_1_102' title='bbox 829 1709 939 1771; x_wconf 88' lang='lat' dir='ltr'><strong>matris</strong></span> <span class='ocrx_word' id='word_1_103' title='bbox 962 1709 1067 1771; x_wconf 92' lang='lat' dir='ltr'><strong>simul.</strong></span> 
     </span>
     <span class='ocr_line' id='line_1_18' title="bbox 59 1793 1067 1881; baseline 0 -22"><span class='ocrx_word' id='word_1_104' title='bbox 59 1813 159 1859; x_wconf 79' lang='lat' dir='ltr'><strong>HVTH.</strong></span> <span class='ocrx_word' id='word_1_105' title='bbox 184 1793 292 1858; x_wconf 82' lang='lat' dir='ltr'><strong>Genus</strong></span> <span class='ocrx_word' id='word_1_106' title='bbox 316 1816 409 1859; x_wconf 91' lang='lat' dir='ltr'><strong>omne</strong></span> <span class='ocrx_word' id='word_1_107' title='bbox 431 1797 585 1881; x_wconf 81' lang='lat' dir='ltr'><strong>profugit.</strong></span> <span class='ocrx_word' id='word_1_108' title='bbox 626 1815 680 1860; x_wconf 88' lang='lat' dir='ltr'><strong>PH.</strong></span> <span class='ocrx_word' id='word_1_109' title='bbox 704 1797 839 1861; x_wconf 86' lang='lat' dir='ltr'><strong>Paelicis</strong></span> <span class='ocrx_word' id='word_1_110' title='bbox 861 1819 952 1863; x_wconf 90' lang='lat' dir='ltr'><strong>careo</strong></span> <span class='ocrx_word' id='word_1_111' title='bbox 971 1801 1067 1860; x_wconf 82' lang='lat' dir='ltr'><strong>metu,</strong></span> 
     </span>
     <span class='ocr_line' id='line_1_19' title="bbox 59 1881 1067 1970; baseline 0 -22"><span class='ocrx_word' id='word_1_112' title='bbox 59 1902 160 1948; x_wconf 77' lang='lat' dir='ltr'><strong>HVHR.</strong></span> <span class='ocrx_word' id='word_1_113' title='bbox 185 1881 300 1947; x_wconf 77' lang='lat' dir='ltr'><strong>Aderit</strong></span> <span class='ocrx_word' id='word_1_114' title='bbox 322 1885 517 1948; x_wconf 85' lang='lat' dir='ltr'><strong>maritus-</strong></span> <span class='ocrx_word' id='word_1_115' title='bbox 557 1903 612 1948; x_wconf 87' lang='lat' dir='ltr'><strong>PH.</strong></span> <span class='ocrx_word' id='word_1_116' title='bbox 635 1885 760 1970; x_wconf 90' lang='lat' dir='ltr'><strong>Nempe</strong></span> <span class='ocrx_word' id='word_1_117' title='bbox 779 1886 921 1952; x_wconf 86' lang='lat' dir='ltr'><strong>Perithoi</strong></span> <span class='ocrx_word' id='word_1_118' title='bbox 940 1885 1067 1949; x_wconf 84' lang='lat' dir='ltr'><strong>comes?</strong></span> 
     </span>
     <span class='ocr_line' id='line_1_20' title="bbox 60 1970 1068 2059; baseline 0 -22"><span class='ocrx_word' id='word_1_119' title='bbox 60 1991 160 2037; x_wconf 65' lang='grc' dir='ltr'><strong>ΜΒ.</strong></span> <span class='ocrx_word' id='word_1_120' title='bbox 184 1970 360 2056; x_wconf 84' lang='lat' dir='ltr'><strong>Aderitque</strong></span> <span class='ocrx_word' id='word_1_121' title='bbox 374 1974 509 2058; x_wconf 85' lang='lat' dir='ltr'><strong>genitor.</strong></span> <span class='ocrx_word' id='word_1_122' title='bbox 538 1992 593 2038; x_wconf 91' lang='lat' dir='ltr'><strong>PH.</strong></span> <span class='ocrx_word' id='word_1_123' title='bbox 608 1974 707 2057; x_wconf 80' lang='lat' dir='ltr'><strong>Mitis,</strong></span> <span class='ocrx_word' id='word_1_124' title='bbox 721 1973 879 2039; x_wconf 85' lang='lat' dir='ltr'><strong>Ariadnae</strong></span> <span class='ocrx_word' id='word_1_125' title='bbox 894 1979 992 2059; x_wconf 87' lang='lat' dir='ltr'><strong>pater.</strong></span> <span class='ocrx_word' id='word_1_126' title='bbox 1016 1990 1068 2038; x_wconf 79' lang='lat'><strong>245</strong></span> 
     </span>
     <span class='ocr_line' id='line_1_21' title="bbox 59 2060 989 2149; baseline -0.003 -19"><span class='ocrx_word' id='word_1_127' title='bbox 59 2080 160 2130; x_wconf 74' lang='lat' dir='ltr'>NVTR.</span> <span class='ocrx_word' id='word_1_128' title='bbox 185 2061 248 2125; x_wconf 91' lang='lat' dir='ltr'><strong>Per</strong></span> <span class='ocrx_word' id='word_1_129' title='bbox 269 2060 327 2125; x_wconf 91' lang='lat' dir='ltr'><strong>has</strong></span> <span class='ocrx_word' id='word_1_130' title='bbox 351 2067 495 2127; x_wconf 76' lang='lat' dir='ltr'><strong>senectae</strong></span> <span class='ocrx_word' id='word_1_131' title='bbox 519 2063 699 2147; x_wconf 90' lang='lat' dir='ltr'><strong>splendidas</strong></span> <span class='ocrx_word' id='word_1_132' title='bbox 724 2066 859 2149; x_wconf 84' lang='lat' dir='ltr'><strong>supplex</strong></span> <span class='ocrx_word' id='word_1_133' title='bbox 882 2087 989 2129; x_wconf 87' lang='lat' dir='ltr'><strong>comas</strong></span> 
     </span>
     <span class='ocr_line' id='line_1_22' title="bbox 58 2151 759 2235; baseline 0 -19"><span class='ocrx_word' id='word_1_134' title='bbox 58 2153 243 2233; x_wconf 88' lang='lat' dir='ltr'><strong>fessumque</strong></span> <span class='ocrx_word' id='word_1_135' title='bbox 266 2151 350 2215; x_wconf 88' lang='lat' dir='ltr'><strong>curis</strong></span> <span class='ocrx_word' id='word_1_136' title='bbox 372 2157 485 2235; x_wconf 89' lang='lat' dir='ltr'><strong>pectus</strong></span> <span class='ocrx_word' id='word_1_137' title='bbox 509 2156 541 2216; x_wconf 91' lang='lat' dir='ltr'><strong>et</strong></span> <span class='ocrx_word' id='word_1_138' title='bbox 564 2175 636 2217; x_wconf 85' lang='lat' dir='ltr'><strong>cara</strong></span> <span class='ocrx_word' id='word_1_139' title='bbox 658 2154 759 2217; x_wconf 84' lang='lat' dir='ltr'><strong>ubera</strong></span> 
     </span>
    </p>

    <p class='ocr_par' dir='ltr' id='par_1_15' title="bbox 60 2239 808 2325">
     <span class='ocr_line' id='line_1_23' title="bbox 60 2239 808 2325; baseline -0.001 -19"><span class='ocrx_word' id='word_1_140' title='bbox 60 2262 182 2325; x_wconf 84' lang='lat' dir='ltr'><strong>precor,</strong></span> <span class='ocrx_word' id='word_1_141' title='bbox 204 2239 345 2304; x_wconf 84' lang='lat' dir='ltr'><strong>furorem</strong></span> <span class='ocrx_word' id='word_1_142' title='bbox 369 2241 445 2305; x_wconf 88' lang='lat' dir='ltr'><strong>siste</strong></span> <span class='ocrx_word' id='word_1_143' title='bbox 468 2246 563 2324; x_wconf 89' lang='lat' dir='ltr'><strong>teque</strong></span> <span class='ocrx_word' id='word_1_144' title='bbox 587 2243 657 2325; x_wconf 90' lang='lat' dir='ltr'><strong>ipsa</strong></span> <span class='ocrx_word' id='word_1_145' title='bbox 680 2243 808 2306; x_wconf 80' lang='lat' dir='ltr'><strong>adiuva:</strong></span> 
     </span>
    </p>

    <p class='ocr_par' dir='ltr' id='par_1_16' title="bbox 59 2328 629 2413">
     <span class='ocr_line' id='line_1_24' title="bbox 59 2328 629 2413; baseline -0.004 -18"><span class='ocrx_word' id='word_1_146' title='bbox 59 2352 131 2413; x_wconf 83' lang='lat' dir='ltr'><strong>pars</strong></span> <span class='ocrx_word' id='word_1_147' title='bbox 156 2328 303 2393; x_wconf 83' lang='lat' dir='ltr'><strong>sanitatis</strong></span> <span class='ocrx_word' id='word_1_148' title='bbox 325 2330 408 2393; x_wconf 87' lang='lat' dir='ltr'><strong>velle</strong></span> <span class='ocrx_word' id='word_1_149' title='bbox 431 2331 536 2394; x_wconf 87' lang='lat' dir='ltr'><strong>sanari</strong></span> <span class='ocrx_word' id='word_1_150' title='bbox 558 2331 629 2394; x_wconf 85' lang='lat' dir='ltr'><strong>fuit.</strong></span> 
     </span>
    </p>

    <p class='ocr_par' dir='ltr' id='par_1_17' title="bbox 60 2416 1070 2592">
     <span class='ocr_line' id='line_1_25' title="bbox 60 2416 1070 2504; baseline -0.001 -23"><span class='ocrx_word' id='word_1_151' title='bbox 60 2437 112 2482; x_wconf 93' lang='lat' dir='ltr'><strong>PH.</strong></span> <span class='ocrx_word' id='word_1_152' title='bbox 136 2416 216 2482; x_wconf 90' lang='lat' dir='ltr'><strong>Non</strong></span> <span class='ocrx_word' id='word_1_153' title='bbox 239 2419 343 2482; x_wconf 91' lang='lat' dir='ltr'><strong>omnis</strong></span> <span class='ocrx_word' id='word_1_154' title='bbox 366 2419 474 2482; x_wconf 88' lang='lat' dir='ltr'><strong>animo</strong></span> <span class='ocrx_word' id='word_1_155' title='bbox 499 2421 594 2484; x_wconf 85' lang='lat' dir='ltr'><strong>cessit</strong></span> <span class='ocrx_word' id='word_1_156' title='bbox 616 2421 756 2504; x_wconf 84' lang='lat' dir='ltr'><strong>ingenuo</strong></span> <span class='ocrx_word' id='word_1_157' title='bbox 779 2422 889 2503; x_wconf 89' lang='lat' dir='ltr'><strong>pudor.</strong></span> <span class='ocrx_word' id='word_1_158' title='bbox 1018 2433 1070 2481; x_wconf 78' lang='lat' dir='ltr'><strong>aso</strong></span> 
     </span>
     <span class='ocr_line' id='line_1_26' title="bbox 60 2507 839 2592; baseline -0.001 -20"><span class='ocrx_word' id='word_1_159' title='bbox 60 2529 223 2592; x_wconf 80' lang='lat' dir='ltr'><strong>paremus,</strong></span> <span class='ocrx_word' id='word_1_160' title='bbox 246 2507 351 2571; x_wconf 83' lang='lat' dir='ltr'><strong>altrix.</strong></span> <span class='ocrx_word' id='word_1_161' title='bbox 396 2509 453 2591; x_wconf 92' lang='lat' dir='ltr'><strong>qui</strong></span> <span class='ocrx_word' id='word_1_162' title='bbox 475 2510 544 2592; x_wconf 86' lang='lat' dir='ltr'><strong>regi</strong></span> <span class='ocrx_word' id='word_1_163' title='bbox 566 2531 633 2572; x_wconf 90' lang='lat' dir='ltr'><strong>non</strong></span> <span class='ocrx_word' id='word_1_164' title='bbox 656 2509 726 2573; x_wconf 84' lang='lat' dir='ltr'><strong>vult</strong></span> <span class='ocrx_word' id='word_1_165' title='bbox 749 2531 839 2572; x_wconf 85' lang='lat' dir='ltr'><strong>amor</strong></span> 
     </span>
    </p>

    <p class='ocr_par' dir='ltr' id='par_1_18' title="bbox 60 2595 848 2682">
     <span class='ocr_line' id='line_1_27' title="bbox 60 2595 848 2682; baseline 0 -21"><span class='ocrx_word' id='word_1_166' title='bbox 60 2598 216 2661; x_wconf 81' lang='lat' dir='ltr'><strong>vincatur.</strong></span> <span class='ocrx_word' id='word_1_167' title='bbox 261 2595 349 2659; x_wconf 90' lang='lat' dir='ltr'><strong>haud</strong></span> <span class='ocrx_word' id='word_1_168' title='bbox 370 2601 416 2682; x_wconf 83' lang='lat' dir='ltr'><strong>te,</strong></span> <span class='ocrx_word' id='word_1_169' title='bbox 438 2599 538 2680; x_wconf 79' lang='lat' dir='ltr'><strong>fama,</strong></span> <span class='ocrx_word' id='word_1_170' title='bbox 561 2599 713 2661; x_wconf 85' lang='lat' dir='ltr'><strong>maculari</strong></span> <span class='ocrx_word' id='word_1_171' title='bbox 738 2599 848 2662; x_wconf 86' lang='lat' dir='ltr'><strong>sinam.</strong></span> 
     </span>
    </p>

    <p class='ocr_par' dir='ltr' id='par_1_19' title="bbox 60 2686 866 2771">
     <span class='ocr_line' id='line_1_28' title="bbox 60 2686 866 2771; baseline -0.001 -21"><span class='ocrx_word' id='word_1_172' title='bbox 60 2686 137 2750; x_wconf 86' lang='lat' dir='ltr'><strong>haec</strong></span> <span class='ocrx_word' id='word_1_173' title='bbox 162 2687 232 2749; x_wconf 86' lang='lat' dir='ltr'><strong>sola</strong></span> <span class='ocrx_word' id='word_1_174' title='bbox 253 2686 336 2750; x_wconf 80' lang='lat' dir='ltr'><strong>ratio</strong></span> <span class='ocrx_word' id='word_1_175' title='bbox 360 2691 421 2769; x_wconf 81' lang='lat' dir='ltr'><strong>est,</strong></span> <span class='ocrx_word' id='word_1_176' title='bbox 444 2688 575 2751; x_wconf 91' lang='lat' dir='ltr'><strong>unicum</strong></span> <span class='ocrx_word' id='word_1_177' title='bbox 599 2688 753 2771; x_wconf 84' lang='lat' dir='ltr'><strong>effugium</strong></span> <span class='ocrx_word' id='word_1_178' title='bbox 777 2688 866 2750; x_wconf 88' lang='lat' dir='ltr'><strong>mali:</strong></span> 
     </span>
    </p>

    <p class='ocr_par' dir='ltr' id='par_1_20' title="bbox 61 2776 838 2859">
     <span class='ocr_line' id='line_1_29' title="bbox 61 2776 838 2859; baseline 0 -20"><span class='ocrx_word' id='word_1_179' title='bbox 61 2776 165 2839; x_wconf 85' lang='lat' dir='ltr'><strong>virum</strong></span> <span class='ocrx_word' id='word_1_180' title='bbox 190 2796 371 2857; x_wconf 83' lang='lat' dir='ltr'><strong>sequamur,</strong></span> <span class='ocrx_word' id='word_1_181' title='bbox 393 2780 496 2840; x_wconf 90' lang='lat' dir='ltr'><strong>morte</strong></span> <span class='ocrx_word' id='word_1_182' title='bbox 518 2781 714 2859; x_wconf 82' lang='lat' dir='ltr'><strong>praevertam</strong></span> <span class='ocrx_word' id='word_1_183' title='bbox 739 2777 838 2839; x_wconf 85' lang='lat' dir='ltr'><strong>nefas.</strong></span> 
     </span>
    </p>

    <p class='ocr_par' dir='ltr' id='par_1_21' title="bbox 62 2862 1070 3038">
     <span class='ocr_line' id='line_1_30' title="bbox 62 2862 1070 2947; baseline -0.004 -19"><span class='ocrx_word' id='word_1_184' title='bbox 62 2881 164 2928; x_wconf 65' lang='grc' dir='ltr'><strong>ΜΒ.</strong></span> <span class='ocrx_word' id='word_1_185' title='bbox 187 2862 367 2947; x_wconf 83' lang='lat' dir='ltr'><strong>Moderare‚</strong></span> <span class='ocrx_word' id='word_1_186' title='bbox 385 2864 527 2947; x_wconf 84' lang='lat' dir='ltr'><strong>alumna,</strong></span> <span class='ocrx_word' id='word_1_187' title='bbox 546 2866 663 2929; x_wconf 89' lang='lat' dir='ltr'><strong>mentis</strong></span> <span class='ocrx_word' id='word_1_188' title='bbox 683 2866 818 2929; x_wconf 84' lang='lat' dir='ltr'><strong>effrenae</strong></span> <span class='ocrx_word' id='word_1_189' title='bbox 838 2866 988 2947; x_wconf 84' lang='lat' dir='ltr'><strong>impetus,</strong></span> <span class='ocrx_word' id='word_1_190' title='bbox 1019 2877 1070 2925; x_wconf 80' lang='lat'><strong>255</strong></span> 
     </span>
     <span class='ocr_line' id='line_1_31' title="bbox 62 2953 838 3038; baseline -0.001 -21"><span class='ocrx_word' id='word_1_191' title='bbox 62 2954 185 3017; x_wconf 85' lang='lat' dir='ltr'><strong>animos</strong></span> <span class='ocrx_word' id='word_1_192' title='bbox 210 2973 326 3017; x_wconf 88' lang='lat' dir='ltr'><strong>coerce.</strong></span> <span class='ocrx_word' id='word_1_193' title='bbox 374 2953 503 3038; x_wconf 81' lang='lat' dir='ltr'><strong>dignam</strong></span> <span class='ocrx_word' id='word_1_194' title='bbox 527 2955 568 3018; x_wconf 94' lang='lat' dir='ltr'><strong>ob</strong></span> <span class='ocrx_word' id='word_1_195' title='bbox 592 2954 654 3018; x_wconf 90' lang='lat' dir='ltr'><strong>hoo</strong></span> <span class='ocrx_word' id='word_1_196' title='bbox 677 2956 744 3018; x_wconf 84' lang='lat' dir='ltr'><strong>vita</strong></span> <span class='ocrx_word' id='word_1_197' title='bbox 765 2976 838 3017; x_wconf 86' lang='lat' dir='ltr'><strong>reor</strong></span> 
     </span>
    </p>

    <p class='ocr_par' dir='ltr' id='par_1_22' title="bbox 63 3041 793 3127">
     <span class='ocr_line' id='line_1_32' title="bbox 63 3041 793 3127; baseline -0.003 -21"><span class='ocrx_word' id='word_1_198' title='bbox 63 3041 147 3125; x_wconf 88' lang='lat' dir='ltr'><strong>quod</strong></span> <span class='ocrx_word' id='word_1_199' title='bbox 170 3063 240 3106; x_wconf 88' lang='lat' dir='ltr'><strong>esse</strong></span> <span class='ocrx_word' id='word_1_200' title='bbox 263 3045 362 3106; x_wconf 89' lang='lat' dir='ltr'><strong>temet</strong></span> <span class='ocrx_word' id='word_1_201' title='bbox 385 3047 531 3106; x_wconf 89' lang='lat' dir='ltr'><strong>autumas</strong></span> <span class='ocrx_word' id='word_1_202' title='bbox 555 3043 685 3127; x_wconf 83' lang='lat' dir='ltr'><strong>dignam</strong></span> <span class='ocrx_word' id='word_1_203' title='bbox 708 3065 793 3107; x_wconf 88' lang='lat' dir='ltr'><strong>nece.</strong></span> 
     </span>
    </p>

    <p class='ocr_par' dir='ltr' id='par_1_23' title="bbox 62 3130 873 3216">
     <span class='ocr_line' id='line_1_33' title="bbox 62 3130 873 3216; baseline 0.001 -23"><span class='ocrx_word' id='word_1_204' title='bbox 62 3149 114 3195; x_wconf 87' lang='lat' dir='ltr'><strong>PH.</strong></span> <span class='ocrx_word' id='word_1_205' title='bbox 138 3130 278 3196; x_wconf 81' lang='lat' dir='ltr'><strong>Decreta</strong></span> <span class='ocrx_word' id='word_1_206' title='bbox 300 3153 387 3196; x_wconf 89' lang='lat' dir='ltr'><strong>mors</strong></span> <span class='ocrx_word' id='word_1_207' title='bbox 411 3136 472 3196; x_wconf 88' lang='lat' dir='ltr'><strong>est:</strong></span> <span class='ocrx_word' id='word_1_208' title='bbox 497 3133 660 3215; x_wconf 90' lang='lat' dir='ltr'><strong>quaeritur</strong></span> <span class='ocrx_word' id='word_1_209' title='bbox 682 3132 741 3195; x_wconf 86' lang='lat' dir='ltr'><strong>fati</strong></span> <span class='ocrx_word' id='word_1_210' title='bbox 764 3153 873 3216; x_wconf 81' lang='lat' dir='ltr'><strong>genus.</strong></span> 
     </span>
    </p>
   </div>
   <div class='ocr_carea' id='block_1_3' title="bbox 62 3303 1073 3663">
    <p class='ocr_par' dir='ltr' id='par_1_24' title="bbox 62 3303 1073 3663">
     <span class='ocr_line' id='line_1_34' title="bbox 129 3303 1072 3376; baseline -0.005 -15"><span class='ocrx_word' id='word_1_211' title='bbox 129 3311 185 3361; x_wconf 75' lang='lat'><strong>28¹1</strong></span> <span class='ocrx_word' id='word_1_212' title='bbox 206 3306 250 3360; x_wconf 87' lang='lat' dir='ltr'><strong>ost</strong></span> <span class='ocrx_word' id='word_1_213' title='bbox 272 3312 363 3362; x_wconf 75' lang='lat' dir='ltr'><strong>oon.E</strong></span> <span class='ocrx_word' id='word_1_214' title='bbox 395 3309 404 3376; x_wconf 82' lang='grc' dir='ltr'><strong>ΙΙ</strong></span> <span class='ocrx_word' id='word_1_215' title='bbox 436 3312 489 3360; x_wconf 79' lang='lat'><strong>229</strong></span> <span class='ocrx_word' id='word_1_216' title='bbox 512 3306 637 3360; x_wconf 86' lang='lat' dir='ltr'><strong>animum</strong></span> <span class='ocrx_word' id='word_1_217' title='bbox 660 3306 743 3359; x_wconf 89' lang='lat' dir='ltr'><strong>huius</strong></span> <span class='ocrx_word' id='word_1_218' title='bbox 762 3311 798 3357; x_wconf 68' lang='grc' dir='ltr'><strong>Ατ</strong></span> <span class='ocrx_word' id='word_1_219' title='bbox 833 3308 842 3373; x_wconf 85' lang='grc'><strong>11</strong></span> <span class='ocrx_word' id='word_1_220' title='bbox 874 3310 923 3358; x_wconf 79' lang='lat'><strong>281</strong></span> <span class='ocrx_word' id='word_1_221' title='bbox 940 3303 1072 3357; x_wconf 90' lang='lat' dir='ltr'><strong>immunis</strong></span> 
     </span>
     <span class='ocr_line' id='line_1_35' title="bbox 64 3374 1073 3449; baseline -0.007 -16"><span class='ocrx_word' id='word_1_222' title='bbox 64 3378 176 3449; x_wconf 74' lang='lat' dir='ltr'><strong>Bentley</strong></span> <span class='ocrx_word' id='word_1_223' title='bbox 189 3379 201 3448; x_wconf 67' lang='lat' dir='ltr'>fl</span> <span class='ocrx_word' id='word_1_224' title='bbox 213 3380 268 3430; x_wconf 72' lang='lat'><strong>288</strong></span> <span class='ocrx_word' id='word_1_225' title='bbox 281 3393 444 3431; x_wconf 84' lang='lat' dir='ltr'><strong>amazonum</strong></span> <span class='ocrx_word' id='word_1_226' title='bbox 458 3383 495 3430; x_wconf 71' lang='grc' dir='ltr'><strong>Δτ</strong></span> <span class='ocrx_word' id='word_1_227' title='bbox 511 3380 521 3447; x_wconf 71' lang='grc' dir='ltr'>Η</span> <span class='ocrx_word' id='word_1_228' title='bbox 535 3383 653 3431; x_wconf 67' lang='lat' dir='ltr'><strong>Pascat</strong></span> <span class='ocrx_word' id='word_1_229' title='bbox 664 3377 808 3432; x_wconf 80' lang='lat' dir='ltr'><strong>Phaedrae</strong></span> <span class='ocrx_word' id='word_1_230' title='bbox 821 3379 1049 3431; x_wconf 58' lang='lat' dir='ltr'><strong>continuantem</strong></span> <span class='ocrx_word' id='word_1_231' title='bbox 1063 3374 1073 3445; x_wconf 75' lang='lat' dir='ltr'><strong>d</strong></span> 
     </span>
     <span class='ocr_line' id='line_1_36' title="bbox 63 3445 1070 3519; baseline -0.009 -14"><span class='ocrx_word' id='word_1_232' title='bbox 63 3450 126 3505; x_wconf 55' lang='grc' dir='ltr'><strong>ποῖ’</strong></span> <span class='ocrx_word' id='word_1_233' title='bbox 144 3452 199 3519; x_wconf 89' lang='lat' dir='ltr'><strong>(pr.</strong></span> <span class='ocrx_word' id='word_1_234' title='bbox 218 3447 246 3502; x_wconf 90' lang='lat' dir='ltr'><strong>h.</strong></span> <span class='ocrx_word' id='word_1_235' title='bbox 265 3467 290 3503; x_wconf 88' lang='lat' dir='ltr'><strong>v.</strong></span> <span class='ocrx_word' id='word_1_236' title='bbox 309 3450 348 3518; x_wconf 90' lang='lat' dir='ltr'><strong>p.)</strong></span> <span class='ocrx_word' id='word_1_237' title='bbox 366 3450 510 3503; x_wconf 77' lang='lat' dir='ltr'><strong>Phaedrae</strong></span> <span class='ocrx_word' id='word_1_238' title='bbox 530 3456 594 3503; x_wconf 79' lang='lat' dir='ltr'><strong>sunt</strong></span> <span class='ocrx_word' id='word_1_239' title='bbox 612 3455 635 3501; x_wconf 77' lang='lat' dir='ltr'>A</span> <span class='ocrx_word' id='word_1_240' title='bbox 661 3452 670 3518; x_wconf 68' lang='lat' dir='ltr'><strong>tt</strong></span> <span class='ocrx_word' id='word_1_241' title='bbox 698 3454 750 3501; x_wconf 81' lang='lat'><strong>24⁰</strong></span> <span class='ocrx_word' id='word_1_242' title='bbox 769 3468 827 3501; x_wconf 79' lang='lat' dir='ltr'><strong>rvr.</strong></span> <span class='ocrx_word' id='word_1_243' title='bbox 847 3448 865 3501; x_wconf 88' lang='lat' dir='ltr'><strong>f.</strong></span> <span class='ocrx_word' id='word_1_244' title='bbox 887 3464 909 3501; x_wconf 91' lang='lat' dir='ltr'><strong>e.</strong></span> <span class='ocrx_word' id='word_1_245' title='bbox 937 3466 979 3500; x_wconf 77' lang='lat' dir='ltr'><strong>ru.</strong></span> <span class='ocrx_word' id='word_1_246' title='bbox 1000 3462 1024 3499; x_wconf 85' lang='lat' dir='ltr'><strong>a.</strong></span> <span class='ocrx_word' id='word_1_247' title='bbox 1045 3445 1070 3497; x_wconf 90' lang='lat' dir='ltr'><strong>d.</strong></span> 
     </span>
     <span class='ocr_line' id='line_1_37' title="bbox 62 3517 1072 3591; baseline -0.007 -18"><span class='ocrx_word' id='word_1_248' title='bbox 62 3520 116 3577; x_wconf 76' lang='lat' dir='ltr'><strong>af.</strong></span> <span class='ocrx_word' id='word_1_249' title='bbox 135 3525 161 3574; x_wconf 78' lang='lat' dir='ltr'>A</span> <span class='ocrx_word' id='word_1_250' title='bbox 177 3522 189 3591; x_wconf 75' lang='lat' dir='ltr'>ss</span> <span class='ocrx_word' id='word_1_251' title='bbox 207 3524 258 3573; x_wconf 76' lang='lat'><strong>241</strong></span> <span class='ocrx_word' id='word_1_252' title='bbox 275 3520 301 3575; x_wconf 85' lang='lat' dir='ltr'><strong>si</strong></span> <span class='ocrx_word' id='word_1_253' title='bbox 318 3519 411 3590; x_wconf 81' lang='lat' dir='ltr'><strong>fugiat</strong></span> <span class='ocrx_word' id='word_1_254' title='bbox 430 3526 452 3572; x_wconf 82' lang='grc' dir='ltr'><strong>Δ</strong></span> <span class='ocrx_word' id='word_1_255' title='bbox 471 3523 480 3590; x_wconf 88' lang='grc' dir='ltr'><strong>ΙΙ</strong></span> <span class='ocrx_word' id='word_1_256' title='bbox 498 3525 549 3573; x_wconf 75' lang='grc'><strong>245</strong></span> <span class='ocrx_word' id='word_1_257' title='bbox 569 3520 684 3573; x_wconf 84' lang='lat' dir='ltr'><strong>adriane</strong></span> <span class='ocrx_word' id='word_1_258' title='bbox 703 3525 739 3571; x_wconf 72' lang='grc' dir='ltr'><strong>Δτ</strong></span> <span class='ocrx_word' id='word_1_259' title='bbox 757 3523 766 3588; x_wconf 69' lang='grc' dir='ltr'>η</span> <span class='ocrx_word' id='word_1_260' title='bbox 784 3524 837 3572; x_wconf 78' lang='lat'><strong>246</strong></span> <span class='ocrx_word' id='word_1_261' title='bbox 856 3518 1004 3589; x_wconf 89' lang='lat' dir='ltr'><strong>splendida</strong></span> <span class='ocrx_word' id='word_1_262' title='bbox 1022 3522 1043 3566; x_wconf 83' lang='lat' dir='ltr'><strong>H</strong></span> <span class='ocrx_word' id='word_1_263' title='bbox 1062 3517 1072 3584; x_wconf 67' lang='lat' dir='ltr'><strong>tl</strong></span> 
     </span>
     <span class='ocr_line' id='line_1_38' title="bbox 63 3590 802 3663; baseline -0.009 -14"><span class='ocrx_word' id='word_1_264' title='bbox 63 3598 111 3649; x_wconf 69' lang='lat'><strong>8⁸</strong></span> <span class='ocrx_word' id='word_1_265' title='bbox 128 3593 223 3663; x_wconf 68' lang='lat' dir='ltr'><strong>ipsum</strong></span> <span class='ocrx_word' id='word_1_266' title='bbox 243 3594 355 3662; x_wconf 63' lang='lat' dir='ltr'><strong>num</strong></span> <span class='ocrx_word' id='word_1_267' title='bbox 373 3608 424 3661; x_wconf 89' lang='lat' dir='ltr'><strong>par</strong></span> <span class='ocrx_word' id='word_1_268' title='bbox 443 3595 589 3661; x_wconf 65' lang='lat' dir='ltr'><strong>altum</strong></span> <span class='ocrx_word' id='word_1_269' title='bbox 607 3590 683 3644; x_wconf 84' lang='lat' dir='ltr'><strong>ultra</strong></span> <span class='ocrx_word' id='word_1_270' title='bbox 700 3596 802 3643; x_wconf 79' lang='lat' dir='ltr'><strong>reorlt</strong></span> 
     </span>
    </p>
   </div>
   <div class='ocr_carea' id='block_1_4' title="bbox 0 0 1216 3990">
    <p class='ocr_par' dir='ltr' id='par_1_25' title="bbox 0 0 1216 3990">
     <span class='ocr_line' id='line_1_39' title="bbox 0 0 1216 3990; baseline 0 0"><span class='ocrx_word' id='word_1_271' title='bbox 0 0 1216 3990; x_wconf 95' lang='lat' dir='ltr'><strong> </strong></span> 
     </span>
    </p>
   </div>
  </div>
 </body>
</html>
