<?xml version="1.0" encoding="UTF-8"?>
<!DOCTYPE html PUBLIC "-//W3C//DTD XHTML 1.0 Transitional//EN"
    "http://www.w3.org/TR/xhtml1/DTD/xhtml1-transitional.dtd">
<html xmlns="http://www.w3.org/1999/xhtml" xml:lang="en" lang="en">
 <head>
  <title>
</title>
<meta http-equiv="Content-Type" content="text/html;charset=utf-8" />
  <meta name='ocr-system' content='tesseract 3.04.00' />
  <meta name='ocr-capabilities' content='ocr_page ocr_carea ocr_par ocr_line ocrx_word'/>
</head>
<body>
  <div class='ocr_page' id='page_1' title='image "./tragoediae01senegoog_0220.png"; bbox 0 0 2394 3990; ppageno 0'>
   <div class='ocr_carea' id='block_1_1' title="bbox 472 226 647 283">
    <p class='ocr_par' dir='ltr' id='par_1_1' title="bbox 472 226 647 283">
     <span class='ocr_line' id='line_1_1' title="bbox 472 226 647 283; baseline 0.011 -2"><span class='ocrx_word' id='word_1_1' title='bbox 472 226 647 283; x_wconf 71' lang='lat' dir='ltr'><strong>manns</strong></span> 
     </span>
    </p>
   </div>
   <div class='ocr_carea' id='block_1_2' title="bbox 37 324 701 548">
    <p class='ocr_par' dir='ltr' id='par_1_2' title="bbox 37 324 701 548">
     <span class='ocr_line' id='line_1_2' title="bbox 37 324 701 460; baseline 0.002 -22"><span class='ocrx_word' id='word_1_2' title='bbox 37 324 41 329; x_wconf 27' lang='grc' dir='ltr'>Ι</span> <span class='ocrx_word' id='word_1_3' title='bbox 82 373 151 457; x_wconf 80' lang='lat' dir='ltr'><strong>[talis</strong></span> <span class='ocrx_word' id='word_1_4' title='bbox 172 373 274 438; x_wconf 86' lang='lat' dir='ltr'><strong>severi</strong></span> <span class='ocrx_word' id='word_1_5' title='bbox 294 378 399 438; x_wconf 82' lang='lat' dir='ltr'><strong>meter</strong></span> <span class='ocrx_word' id='word_1_6' title='bbox 421 373 594 458; x_wconf 71' lang='lat' dir='ltr'><strong>Hippolyti</strong></span> <span class='ocrx_word' id='word_1_7' title='bbox 615 375 701 460; x_wconf 84' lang='lat' dir='ltr'><strong>fuit]</strong></span> 
     </span>
     <span class='ocr_line' id='line_1_3' title="bbox 81 460 685 548; baseline 0.002 -22"><span class='ocrx_word' id='word_1_8' title='bbox 81 463 163 544; x_wconf 75' lang='lat' dir='ltr'><strong>qualis</strong></span> <span class='ocrx_word' id='word_1_9' title='bbox 184 463 305 526; x_wconf 87' lang='lat' dir='ltr'><strong>reliotis</strong></span> <span class='ocrx_word' id='word_1_10' title='bbox 328 462 439 548; x_wconf 79' lang='lat' dir='ltr'><strong>frigidi</strong></span> <span class='ocrx_word' id='word_1_11' title='bbox 460 460 558 526; x_wconf 92' lang='lat' dir='ltr'><strong>Ponti</strong></span> <span class='ocrx_word' id='word_1_12' title='bbox 580 465 685 548; x_wconf 84' lang='lat' dir='ltr'><strong>plagis</strong></span> 
     </span>
    </p>
   </div>
   <div class='ocr_carea' id='block_1_3' title="bbox 77 551 742 902">
    <p class='ocr_par' dir='ltr' id='par_1_3' title="bbox 77 551 742 902">
     <span class='ocr_line' id='line_1_4' title="bbox 81 551 742 636; baseline 0.003 -20"><span class='ocrx_word' id='word_1_13' title='bbox 81 552 130 636; x_wconf 82' lang='lat' dir='ltr'><strong>egit</strong></span> <span class='ocrx_word' id='word_1_14' title='bbox 149 556 289 616; x_wconf 82' lang='lat' dir='ltr'><strong>catervas</strong></span> <span class='ocrx_word' id='word_1_15' title='bbox 312 551 460 617; x_wconf 75' lang='lat' dir='ltr'><strong>Attienm</strong></span> <span class='ocrx_word' id='word_1_16' title='bbox 482 553 614 636; x_wconf 86' lang='lat' dir='ltr'><strong>polssns</strong></span> <span class='ocrx_word' id='word_1_17' title='bbox 638 555 742 618; x_wconf 87' lang='lat' dir='ltr'><strong>solum</strong></span> 
     </span>
     <span class='ocr_line' id='line_1_5' title="bbox 79 639 731 706; baseline 0.005 -3"><span class='ocrx_word' id='word_1_18' title='bbox 79 639 200 705; x_wconf 76' lang='lat' dir='ltr'><strong>Tanaitis</strong></span> <span class='ocrx_word' id='word_1_19' title='bbox 222 645 280 704; x_wconf 81' lang='lat' dir='ltr'><strong>snt</strong></span> <span class='ocrx_word' id='word_1_20' title='bbox 301 640 437 704; x_wconf 75' lang='lat' dir='ltr'><strong>Maeotis</strong></span> <span class='ocrx_word' id='word_1_21' title='bbox 461 644 493 704; x_wconf 91' lang='lat' dir='ltr'><strong>et</strong></span> <span class='ocrx_word' id='word_1_22' title='bbox 515 642 599 705; x_wconf 92' lang='lat' dir='ltr'><strong>nodo</strong></span> <span class='ocrx_word' id='word_1_23' title='bbox 624 664 731 706; x_wconf 83' lang='lat' dir='ltr'><strong>comas</strong></span> 
     </span>
     <span class='ocr_line' id='line_1_6' title="bbox 78 730 609 814; baseline 0.002 -21"><span class='ocrx_word' id='word_1_24' title='bbox 78 730 164 814; x_wconf 81' lang='lat' dir='ltr'><strong>eoegit</strong></span> <span class='ocrx_word' id='word_1_25' title='bbox 185 731 369 812; x_wconf 86' lang='lat' dir='ltr'><strong>emisitque,</strong></span> <span class='ocrx_word' id='word_1_26' title='bbox 392 731 503 793; x_wconf 86' lang='lat' dir='ltr'><strong>lunata</strong></span> <span class='ocrx_word' id='word_1_27' title='bbox 525 730 609 794; x_wconf 80' lang='lat' dir='ltr'><strong>istus</strong></span> 
     </span>
     <span class='ocr_line' id='line_1_7' title="bbox 77 819 713 902; baseline 0.002 -21"><span class='ocrx_word' id='word_1_28' title='bbox 77 822 201 900; x_wconf 78' lang='lat' dir='ltr'><strong>protecte</strong></span> <span class='ocrx_word' id='word_1_29' title='bbox 224 821 324 902; x_wconf 84' lang='lat' dir='ltr'><strong>pelte:</strong></span> <span class='ocrx_word' id='word_1_30' title='bbox 346 819 421 882; x_wconf 82' lang='lat' dir='ltr'><strong>telis</strong></span> <span class='ocrx_word' id='word_1_31' title='bbox 445 819 479 881; x_wconf 88' lang='lat' dir='ltr'><strong>in</strong></span> <span class='ocrx_word' id='word_1_32' title='bbox 502 819 598 882; x_wconf 81' lang='lat' dir='ltr'><strong>silves</strong></span> <span class='ocrx_word' id='word_1_33' title='bbox 622 820 713 883; x_wconf 87' lang='lat' dir='ltr'><strong>ferar.</strong></span> 
     </span>
    </p>
   </div>
   <div class='ocr_carea' id='block_1_4' title="bbox 323 1002 800 1088">
    <p class='ocr_par' dir='ltr' id='par_1_4' title="bbox 323 1002 800 1088">
     <span class='ocr_line' id='line_1_8' title="bbox 323 1002 800 1088; baseline 0.002 -1"><span class='ocrx_word' id='word_1_34' title='bbox 323 1002 494 1087; x_wconf 71' lang='lat' dir='ltr'><strong>sinsin</strong></span> <span class='ocrx_word' id='word_1_35' title='bbox 530 1021 800 1088; x_wconf 71' lang='lat' dir='ltr'><strong>annotinos</strong></span> 
     </span>
    </p>
   </div>
   <div class='ocr_carea' id='block_1_5' title="bbox 10 1137 1067 2733">
    <p class='ocr_par' dir='ltr' id='par_1_5' title="bbox 72 1137 1067 1310">
     <span class='ocr_line' id='line_1_9' title="bbox 124 1137 1067 1223; baseline 0.004 -22"><span class='ocrx_word' id='word_1_36' title='bbox 124 1137 248 1223; x_wconf 83' lang='lat' dir='ltr'><strong>Regina</strong></span> <span class='ocrx_word' id='word_1_37' title='bbox 270 1158 454 1221; x_wconf 83' lang='lat' dir='ltr'><strong>nemorum,</strong></span> <span class='ocrx_word' id='word_1_38' title='bbox 476 1140 546 1203; x_wconf 85' lang='lat' dir='ltr'><strong>sols</strong></span> <span class='ocrx_word' id='word_1_39' title='bbox 567 1161 650 1222; x_wconf 82' lang='lat' dir='ltr'><strong>quae</strong></span> <span class='ocrx_word' id='word_1_40' title='bbox 673 1144 798 1204; x_wconf 89' lang='lat' dir='ltr'><strong>montes</strong></span> <span class='ocrx_word' id='word_1_41' title='bbox 822 1143 901 1205; x_wconf 88' lang='lat' dir='ltr'><strong>eolis</strong></span> <span class='ocrx_word' id='word_1_42' title='bbox 1014 1158 1067 1206; x_wconf 83' lang='grc'><strong>400</strong></span> 
     </span>
     <span class='ocr_line' id='line_1_10' title="bbox 72 1228 695 1310; baseline 0.003 -20"><span class='ocrx_word' id='word_1_43' title='bbox 72 1230 95 1290; x_wconf 89' lang='lat' dir='ltr'><strong>et</strong></span> <span class='ocrx_word' id='word_1_44' title='bbox 113 1250 175 1291; x_wconf 89' lang='lat' dir='ltr'><strong>una</strong></span> <span class='ocrx_word' id='word_1_45' title='bbox 198 1228 276 1291; x_wconf 89' lang='lat' dir='ltr'><strong>solis</strong></span> <span class='ocrx_word' id='word_1_46' title='bbox 299 1228 463 1292; x_wconf 86' lang='lat' dir='ltr'><strong>montibus</strong></span> <span class='ocrx_word' id='word_1_47' title='bbox 486 1228 601 1292; x_wconf 82' lang='lat' dir='ltr'><strong>soleris</strong></span> <span class='ocrx_word' id='word_1_48' title='bbox 624 1230 695 1310; x_wconf 86' lang='lat' dir='ltr'><strong>des,</strong></span> 
     </span>
    </p>

    <p class='ocr_par' dir='ltr' id='par_1_6' title="bbox 10 1317 834 1667">
     <span class='ocr_line' id='line_1_11' title="bbox 10 1317 834 1382; baseline 0.002 -3"><span class='ocrx_word' id='word_1_49' title='bbox 10 1354 12 1359; x_wconf 95' lang='lat'>·</span> <span class='ocrx_word' id='word_1_50' title='bbox 69 1320 206 1380; x_wconf 80' lang='lat' dir='ltr'><strong>converte</strong></span> <span class='ocrx_word' id='word_1_51' title='bbox 229 1317 338 1380; x_wconf 90' lang='lat' dir='ltr'><strong>tristes</strong></span> <span class='ocrx_word' id='word_1_52' title='bbox 361 1317 505 1380; x_wconf 88' lang='lat' dir='ltr'><strong>ominum</strong></span> <span class='ocrx_word' id='word_1_53' title='bbox 528 1318 562 1381; x_wconf 90' lang='lat' dir='ltr'><strong>in</strong></span> <span class='ocrx_word' id='word_1_54' title='bbox 584 1318 699 1381; x_wconf 89' lang='lat' dir='ltr'><strong>melius</strong></span> <span class='ocrx_word' id='word_1_55' title='bbox 723 1319 834 1382; x_wconf 80' lang='lat' dir='ltr'><strong>mines.</strong></span> 
     </span>
     <span class='ocr_line' id='line_1_12' title="bbox 66 1405 692 1490; baseline 0.003 -23"><span class='ocrx_word' id='word_1_56' title='bbox 66 1425 218 1490; x_wconf 81' lang='lat' dir='ltr'><strong>omsgns</strong></span> <span class='ocrx_word' id='word_1_57' title='bbox 240 1405 337 1469; x_wconf 83' lang='lat' dir='ltr'><strong>silves</strong></span> <span class='ocrx_word' id='word_1_58' title='bbox 360 1405 444 1469; x_wconf 89' lang='lat' dir='ltr'><strong>inter</strong></span> <span class='ocrx_word' id='word_1_59' title='bbox 466 1409 498 1470; x_wconf 92' lang='lat' dir='ltr'><strong>et</strong></span> <span class='ocrx_word' id='word_1_60' title='bbox 520 1406 611 1470; x_wconf 88' lang='lat' dir='ltr'><strong>luoos</strong></span> <span class='ocrx_word' id='word_1_61' title='bbox 634 1407 692 1469; x_wconf 86' lang='lat' dir='ltr'><strong>dea</strong></span> 
     </span>
     <span class='ocr_line' id='line_1_13' title="bbox 66 1492 771 1579; baseline 0.004 -23"><span class='ocrx_word' id='word_1_62' title='bbox 66 1492 242 1576; x_wconf 79' lang='lat' dir='ltr'><strong>clarumque</strong></span> <span class='ocrx_word' id='word_1_63' title='bbox 267 1495 347 1558; x_wconf 84' lang='lat' dir='ltr'><strong>eaeli</strong></span> <span class='ocrx_word' id='word_1_64' title='bbox 370 1494 457 1559; x_wconf 87' lang='lat' dir='ltr'><strong>sidus</strong></span> <span class='ocrx_word' id='word_1_65' title='bbox 481 1500 513 1558; x_wconf 89' lang='lat' dir='ltr'><strong>et</strong></span> <span class='ocrx_word' id='word_1_66' title='bbox 535 1495 640 1559; x_wconf 84' lang='lat' dir='ltr'><strong>noctis</strong></span> <span class='ocrx_word' id='word_1_67' title='bbox 664 1495 771 1579; x_wconf 80' lang='lat' dir='ltr'><strong>decus,</strong></span> 
     </span>
     <span class='ocr_line' id='line_1_14' title="bbox 63 1582 703 1667; baseline 0.002 -21"><span class='ocrx_word' id='word_1_68' title='bbox 63 1584 146 1646; x_wconf 85' lang='lat' dir='ltr'><strong>euius</strong></span> <span class='ocrx_word' id='word_1_69' title='bbox 168 1584 292 1647; x_wconf 76' lang='lat' dir='ltr'>relucet</span> <span class='ocrx_word' id='word_1_70' title='bbox 314 1582 452 1647; x_wconf 85' lang='lat' dir='ltr'><strong>mundus</strong></span> <span class='ocrx_word' id='word_1_71' title='bbox 475 1584 598 1647; x_wconf 86' lang='lat' dir='ltr'><strong>alterna</strong></span> <span class='ocrx_word' id='word_1_72' title='bbox 620 1585 703 1667; x_wconf 80' lang='lat' dir='ltr'><strong>vioe,</strong></span> 
     </span>
    </p>

    <p class='ocr_par' dir='ltr' id='par_1_7' title="bbox 58 1669 830 2092">
     <span class='ocr_line' id='line_1_15' title="bbox 62 1669 818 1757; baseline 0.003 -22"><span class='ocrx_word' id='word_1_73' title='bbox 62 1669 177 1736; x_wconf 83' lang='lat' dir='ltr'><strong>Hecate</strong></span> <span class='ocrx_word' id='word_1_74' title='bbox 200 1672 371 1753; x_wconf 72' lang='lat' dir='ltr'><strong>triformis,</strong></span> <span class='ocrx_word' id='word_1_75' title='bbox 393 1695 434 1735; x_wconf 89' lang='lat' dir='ltr'><strong>en</strong></span> <span class='ocrx_word' id='word_1_76' title='bbox 456 1673 530 1737; x_wconf 83' lang='lat' dir='ltr'><strong>sdes</strong></span> <span class='ocrx_word' id='word_1_77' title='bbox 554 1674 677 1757; x_wconf 89' lang='lat' dir='ltr'><strong>eoeptis</strong></span> <span class='ocrx_word' id='word_1_78' title='bbox 700 1675 818 1737; x_wconf 74' lang='lat' dir='ltr'><strong>ferens.</strong></span> 
     </span>
     <span class='ocr_line' id='line_1_16' title="bbox 58 1760 830 1845; baseline 0.001 -21"><span class='ocrx_word' id='word_1_79' title='bbox 58 1762 199 1825; x_wconf 86' lang='lat' dir='ltr'><strong>animum</strong></span> <span class='ocrx_word' id='word_1_80' title='bbox 222 1761 380 1845; x_wconf 76' lang='lat' dir='ltr'><strong>rigentem</strong></span> <span class='ocrx_word' id='word_1_81' title='bbox 403 1761 505 1826; x_wconf 87' lang='lat' dir='ltr'><strong>tristis</strong></span> <span class='ocrx_word' id='word_1_82' title='bbox 529 1760 701 1845; x_wconf 86' lang='lat' dir='ltr'><strong>Hippolyti</strong></span> <span class='ocrx_word' id='word_1_83' title='bbox 724 1762 830 1827; x_wconf 88' lang='lat' dir='ltr'><strong>doma:</strong></span> 
     </span>
     <span class='ocr_line' id='line_1_17' title="bbox 60 1849 779 1934; baseline 0.001 -21"><span class='ocrx_word' id='word_1_84' title='bbox 60 1850 108 1913; x_wconf 90' lang='lat' dir='ltr'><strong>det</strong></span> <span class='ocrx_word' id='word_1_85' title='bbox 131 1849 241 1914; x_wconf 80' lang='lat' dir='ltr'><strong>facilis</strong></span> <span class='ocrx_word' id='word_1_86' title='bbox 264 1872 368 1933; x_wconf 81' lang='lat' dir='ltr'><strong>aures3</strong></span> <span class='ocrx_word' id='word_1_87' title='bbox 391 1850 506 1934; x_wconf 84' lang='lat' dir='ltr'><strong>mitiga</strong></span> <span class='ocrx_word' id='word_1_88' title='bbox 528 1853 641 1932; x_wconf 88' lang='lat' dir='ltr'><strong>peetus</strong></span> <span class='ocrx_word' id='word_1_89' title='bbox 664 1852 779 1915; x_wconf 86' lang='lat' dir='ltr'><strong>ferum:</strong></span> 
     </span>
     <span class='ocr_line' id='line_1_18' title="bbox 58 1939 681 2022; baseline 0 -20"><span class='ocrx_word' id='word_1_90' title='bbox 58 1960 161 2002; x_wconf 85' lang='lat' dir='ltr'><strong>amare</strong></span> <span class='ocrx_word' id='word_1_91' title='bbox 185 1939 302 2020; x_wconf 86' lang='lat' dir='ltr'><strong>diseat,</strong></span> <span class='ocrx_word' id='word_1_92' title='bbox 325 1943 455 2004; x_wconf 88' lang='lat' dir='ltr'><strong>mutuos</strong></span> <span class='ocrx_word' id='word_1_93' title='bbox 478 1939 569 2022; x_wconf 80' lang='lat' dir='ltr'><strong>ignes</strong></span> <span class='ocrx_word' id='word_1_94' title='bbox 592 1940 681 2003; x_wconf 86' lang='lat' dir='ltr'><strong>ferat.</strong></span> 
     </span>
     <span class='ocr_line' id='line_1_19' title="bbox 59 2027 762 2092; baseline 0 -1"><span class='ocrx_word' id='word_1_95' title='bbox 59 2027 183 2092; x_wconf 84' lang='lat' dir='ltr'><strong>inflecte</strong></span> <span class='ocrx_word' id='word_1_96' title='bbox 208 2031 360 2091; x_wconf 89' lang='lat' dir='ltr'><strong>mentem:</strong></span> <span class='ocrx_word' id='word_1_97' title='bbox 383 2032 495 2091; x_wconf 86' lang='lat' dir='ltr'><strong>torvus</strong></span> <span class='ocrx_word' id='word_1_98' title='bbox 519 2050 648 2092; x_wconf 82' lang='lat' dir='ltr'><strong>aversus</strong></span> <span class='ocrx_word' id='word_1_99' title='bbox 671 2030 762 2092; x_wconf 85' lang='lat' dir='ltr'><strong>ferox</strong></span> 
     </span>
    </p>

    <p class='ocr_par' dir='ltr' id='par_1_8' title="bbox 57 2115 786 2271">
     <span class='ocr_line' id='line_1_20' title="bbox 58 2115 786 2182; baseline 0.001 -2"><span class='ocrx_word' id='word_1_100' title='bbox 58 2117 87 2180; x_wconf 92' lang='lat' dir='ltr'><strong>in</strong></span> <span class='ocrx_word' id='word_1_101' title='bbox 109 2118 184 2180; x_wconf 84' lang='lat' dir='ltr'><strong>iura</strong></span> <span class='ocrx_word' id='word_1_102' title='bbox 203 2115 338 2181; x_wconf 88' lang='lat' dir='ltr'><strong>Veneris</strong></span> <span class='ocrx_word' id='word_1_103' title='bbox 360 2116 476 2181; x_wconf 89' lang='lat' dir='ltr'><strong>redeat.</strong></span> <span class='ocrx_word' id='word_1_104' title='bbox 522 2116 585 2181; x_wconf 88' lang='lat' dir='ltr'><strong>huo</strong></span> <span class='ocrx_word' id='word_1_105' title='bbox 608 2117 691 2181; x_wconf 87' lang='lat' dir='ltr'><strong>vires</strong></span> <span class='ocrx_word' id='word_1_106' title='bbox 715 2122 786 2182; x_wconf 86' lang='lat' dir='ltr'><strong>tuas</strong></span> 
     </span>
     <span class='ocr_line' id='line_1_21' title="bbox 57 2205 706 2271; baseline 0.002 -2"><span class='ocrx_word' id='word_1_107' title='bbox 57 2206 199 2270; x_wconf 86' lang='lat' dir='ltr'><strong>intende:</strong></span> <span class='ocrx_word' id='word_1_108' title='bbox 223 2206 270 2268; x_wconf 86' lang='lat' dir='ltr'><strong>sio</strong></span> <span class='ocrx_word' id='word_1_109' title='bbox 292 2209 324 2269; x_wconf 90' lang='lat' dir='ltr'><strong>te</strong></span> <span class='ocrx_word' id='word_1_110' title='bbox 346 2205 446 2271; x_wconf 84' lang='lat' dir='ltr'><strong>lucidi</strong></span> <span class='ocrx_word' id='word_1_111' title='bbox 469 2206 578 2269; x_wconf 80' lang='lat' dir='ltr'><strong>vultus</strong></span> <span class='ocrx_word' id='word_1_112' title='bbox 601 2208 706 2270; x_wconf 88' lang='lat' dir='ltr'><strong>ferant</strong></span> 
     </span>
    </p>

    <p class='ocr_par' dir='ltr' id='par_1_9' title="bbox 56 2295 690 2378">
     <span class='ocr_line' id='line_1_22' title="bbox 56 2295 690 2378; baseline 0 -20"><span class='ocrx_word' id='word_1_113' title='bbox 56 2299 85 2358; x_wconf 88' lang='lat' dir='ltr'><strong>et</strong></span> <span class='ocrx_word' id='word_1_114' title='bbox 106 2295 197 2358; x_wconf 87' lang='lat' dir='ltr'><strong>nube</strong></span> <span class='ocrx_word' id='word_1_115' title='bbox 219 2298 314 2378; x_wconf 87' lang='lat' dir='ltr'><strong>rupta</strong></span> <span class='ocrx_word' id='word_1_116' title='bbox 337 2295 487 2359; x_wconf 82' lang='lat' dir='ltr'><strong>semibus</strong></span> <span class='ocrx_word' id='word_1_117' title='bbox 510 2296 600 2378; x_wconf 85' lang='lat' dir='ltr'><strong>puris</strong></span> <span class='ocrx_word' id='word_1_118' title='bbox 623 2318 690 2378; x_wconf 85' lang='lat' dir='ltr'><strong>eas,</strong></span> 
     </span>
    </p>

    <p class='ocr_par' dir='ltr' id='par_1_10' title="bbox 55 2383 866 2733">
     <span class='ocr_line' id='line_1_23' title="bbox 56 2383 789 2467; baseline 0.001 -20"><span class='ocrx_word' id='word_1_119' title='bbox 56 2385 99 2447; x_wconf 87' lang='lat' dir='ltr'><strong>sio</strong></span> <span class='ocrx_word' id='word_1_120' title='bbox 122 2388 157 2447; x_wconf 88' lang='lat' dir='ltr'><strong>te</strong></span> <span class='ocrx_word' id='word_1_121' title='bbox 180 2387 345 2467; x_wconf 85' lang='lat' dir='ltr'><strong>regentem</strong></span> <span class='ocrx_word' id='word_1_122' title='bbox 367 2384 457 2447; x_wconf 84' lang='lat' dir='ltr'><strong>frena</strong></span> <span class='ocrx_word' id='word_1_123' title='bbox 480 2385 630 2448; x_wconf 82' lang='lat' dir='ltr'><strong>nocturni</strong></span> <span class='ocrx_word' id='word_1_124' title='bbox 653 2383 789 2448; x_wconf 82' lang='lat' dir='ltr'><strong>estheris</strong></span> 
     </span>
     <span class='ocr_line' id='line_1_24' title="bbox 56 2470 866 2556; baseline 0.001 -20"><span class='ocrx_word' id='word_1_125' title='bbox 56 2472 222 2536; x_wconf 81' lang='lat' dir='ltr'><strong>detrahere</strong></span> <span class='ocrx_word' id='word_1_126' title='bbox 244 2493 420 2554; x_wconf 74' lang='lat' dir='ltr'><strong>numquam</strong></span> <span class='ocrx_word' id='word_1_127' title='bbox 443 2470 588 2536; x_wconf 80' lang='lat' dir='ltr'><strong>Thessali</strong></span> <span class='ocrx_word' id='word_1_128' title='bbox 612 2477 724 2537; x_wconf 84' lang='lat' dir='ltr'><strong>santus</strong></span> <span class='ocrx_word' id='word_1_129' title='bbox 748 2478 866 2556; x_wconf 87' lang='lat' dir='ltr'><strong>queant</strong></span> 
     </span>
     <span class='ocr_line' id='line_1_25' title="bbox 55 2559 748 2646; baseline 0.003 -22"><span class='ocrx_word' id='word_1_130' title='bbox 55 2562 228 2643; x_wconf 87' lang='lat' dir='ltr'><strong>nullusque</strong></span> <span class='ocrx_word' id='word_1_131' title='bbox 253 2559 290 2623; x_wconf 88' lang='lat' dir='ltr'><strong>de</strong></span> <span class='ocrx_word' id='word_1_132' title='bbox 312 2565 345 2624; x_wconf 93' lang='lat' dir='ltr'><strong>te</strong></span> <span class='ocrx_word' id='word_1_133' title='bbox 367 2562 504 2646; x_wconf 82' lang='lat' dir='ltr'><strong>gloriam</strong></span> <span class='ocrx_word' id='word_1_134' title='bbox 527 2566 637 2644; x_wconf 87' lang='lat' dir='ltr'><strong>pastor</strong></span> <span class='ocrx_word' id='word_1_135' title='bbox 658 2562 748 2626; x_wconf 84' lang='lat' dir='ltr'><strong>ferat.</strong></span> 
     </span>
     <span class='ocr_line' id='line_1_26' title="bbox 55 2649 715 2733; baseline 0.003 -21"><span class='ocrx_word' id='word_1_136' title='bbox 55 2649 130 2714; x_wconf 87' lang='lat' dir='ltr'><strong>ades</strong></span> <span class='ocrx_word' id='word_1_137' title='bbox 154 2650 319 2733; x_wconf 82' lang='lat' dir='ltr'><strong>invocata,</strong></span> <span class='ocrx_word' id='word_1_138' title='bbox 341 2651 406 2714; x_wconf 85' lang='lat' dir='ltr'><strong>iem</strong></span> <span class='ocrx_word' id='word_1_139' title='bbox 428 2651 500 2713; x_wconf 84' lang='lat' dir='ltr'><strong>fave</strong></span> <span class='ocrx_word' id='word_1_140' title='bbox 523 2652 621 2733; x_wconf 82' lang='lat' dir='ltr'><strong>votis,</strong></span> <span class='ocrx_word' id='word_1_141' title='bbox 644 2651 715 2714; x_wconf 86' lang='lat' dir='ltr'><strong>dea:</strong></span> 
     </span>
    </p>
   </div>
   <div class='ocr_carea' id='block_1_6' title="bbox 51 2805 1069 3659">
    <p class='ocr_par' dir='ltr' id='par_1_11' title="bbox 51 2805 1069 3659">
     <span class='ocr_line' id='line_1_27' title="bbox 126 2805 1068 2875; baseline 0.002 -17"><span class='ocrx_word' id='word_1_142' title='bbox 126 2810 179 2859; x_wconf 77' lang='grc'><strong>000</strong></span> <span class='ocrx_word' id='word_1_143' title='bbox 199 2805 249 2859; x_wconf 80' lang='lat' dir='ltr'><strong>del.</strong></span> <span class='ocrx_word' id='word_1_144' title='bbox 264 2806 302 2860; x_wconf 89' lang='lat' dir='ltr'><strong>N.</strong></span> <span class='ocrx_word' id='word_1_145' title='bbox 317 2806 452 2860; x_wconf 75' lang='lat' dir='ltr'><strong>Heinsius</strong></span> <span class='ocrx_word' id='word_1_146' title='bbox 462 2824 491 2874; x_wconf 91' lang='lat' dir='ltr'><strong>p.</strong></span> <span class='ocrx_word' id='word_1_147' title='bbox 507 2811 552 2872; x_wconf 89' lang='lat'><strong>66,</strong></span> <span class='ocrx_word' id='word_1_148' title='bbox 567 2814 631 2875; x_wconf 83' lang='lat' dir='ltr'><strong>post</strong></span> <span class='ocrx_word' id='word_1_149' title='bbox 644 2825 666 2861; x_wconf 88' lang='grc'><strong>0.</strong></span> <span class='ocrx_word' id='word_1_150' title='bbox 682 2813 733 2859; x_wconf 82' lang='grc'><strong>400</strong></span> <span class='ocrx_word' id='word_1_151' title='bbox 753 2809 922 2875; x_wconf 74' lang='lat' dir='ltr'><strong>transposuit</strong></span> <span class='ocrx_word' id='word_1_152' title='bbox 940 2806 969 2860; x_wconf 87' lang='lat'><strong>0.</strong></span> <span class='ocrx_word' id='word_1_153' title='bbox 985 2807 1068 2872; x_wconf 80' lang='lat' dir='ltr'><strong>Ross-</strong></span> 
     </span>
     <span class='ocr_line' id='line_1_28' title="bbox 53 2876 1068 2946; baseline 0.001 -15"><span class='ocrx_word' id='word_1_154' title='bbox 53 2877 210 2945; x_wconf 70' lang='grc'><strong>00001401</strong></span> <span class='ocrx_word' id='word_1_155' title='bbox 237 2876 330 2931; x_wconf 83' lang='lat' dir='ltr'><strong>tanais</strong></span> <span class='ocrx_word' id='word_1_156' title='bbox 354 2876 406 2930; x_wconf 84' lang='lat' dir='ltr'><strong>elti</strong></span> <span class='ocrx_word' id='word_1_157' title='bbox 430 2880 479 2931; x_wconf 87' lang='lat' dir='ltr'><strong>snt</strong></span> <span class='ocrx_word' id='word_1_158' title='bbox 501 2884 522 2930; x_wconf 77' lang='grc' dir='ltr'><strong>Ε</strong></span> <span class='ocrx_word' id='word_1_159' title='bbox 549 2878 673 2931; x_wconf 86' lang='lat' dir='ltr'><strong>tanatois</strong></span> <span class='ocrx_word' id='word_1_160' title='bbox 696 2880 736 2932; x_wconf 83' lang='lat' dir='ltr'><strong>eei</strong></span> <span class='ocrx_word' id='word_1_161' title='bbox 758 2878 851 2930; x_wconf 80' lang='lat' dir='ltr'><strong>tannis</strong></span> <span class='ocrx_word' id='word_1_162' title='bbox 874 2890 902 2943; x_wconf 85' lang='grc' dir='ltr'><em>ψ</em></span> <span class='ocrx_word' id='word_1_163' title='bbox 930 2895 997 2932; x_wconf 83' lang='lat' dir='ltr'><strong>corr.</strong></span> <span class='ocrx_word' id='word_1_164' title='bbox 1022 2896 1041 2931; x_wconf 84' lang='grc' dir='ltr'><strong>τ</strong></span> <span class='ocrx_word' id='word_1_165' title='bbox 1059 2878 1068 2946; x_wconf 88' lang='grc'><strong>11</strong></span> 
     </span>
     <span class='ocr_line' id='line_1_29' title="bbox 55 2948 1068 3019; baseline 0.002 -18"><span class='ocrx_word' id='word_1_166' title='bbox 55 2952 107 3001; x_wconf 84' lang='grc'><strong>404</strong></span> <span class='ocrx_word' id='word_1_167' title='bbox 125 2966 188 3001; x_wconf 79' lang='lat' dir='ltr'><strong>rvr.</strong></span> <span class='ocrx_word' id='word_1_168' title='bbox 207 2952 230 2999; x_wconf 80' lang='grc' dir='ltr'><strong>Δ</strong></span> <span class='ocrx_word' id='word_1_169' title='bbox 254 2950 258 3016; x_wconf 95' lang='grc'><strong>1</strong></span> <span class='ocrx_word' id='word_1_170' title='bbox 283 2948 392 3017; x_wconf 82' lang='lat' dir='ltr'><strong>depone</strong></span> <span class='ocrx_word' id='word_1_171' title='bbox 410 2953 433 3000; x_wconf 80' lang='grc' dir='ltr'><strong>Δ</strong></span> <span class='ocrx_word' id='word_1_172' title='bbox 457 2951 461 3018; x_wconf 95' lang='grc'><strong>1</strong></span> <span class='ocrx_word' id='word_1_173' title='bbox 482 2956 546 3018; x_wconf 85' lang='lat' dir='ltr'><strong>post</strong></span> <span class='ocrx_word' id='word_1_174' title='bbox 569 2954 622 3001; x_wconf 90' lang='grc'><strong>404</strong></span> <span class='ocrx_word' id='word_1_175' title='bbox 646 2951 743 3019; x_wconf 81' lang='lat' dir='ltr'><strong>lepitwr</strong></span> <span class='ocrx_word' id='word_1_176' title='bbox 764 2967 788 3002; x_wconf 87' lang='grc'><strong>0.</strong></span> <span class='ocrx_word' id='word_1_177' title='bbox 809 2953 863 3002; x_wconf 84' lang='grc'><strong>359</strong></span> <span class='ocrx_word' id='word_1_178' title='bbox 881 2955 904 3001; x_wconf 79' lang='lat' dir='ltr'><strong>A</strong></span> <span class='ocrx_word' id='word_1_179' title='bbox 928 2952 932 3018; x_wconf 97' lang='grc'><strong>1</strong></span> <span class='ocrx_word' id='word_1_180' title='bbox 957 2951 1068 3003; x_wconf 86' lang='grc' dir='ltr'><strong>4040οῑ</strong></span> 
     </span>
     <span class='ocr_line' id='line_1_30' title="bbox 54 3021 1067 3088; baseline 0.001 -17"><span class='ocrx_word' id='word_1_181' title='bbox 54 3023 105 3071; x_wconf 73' lang='grc'><strong>400</strong></span> <span class='ocrx_word' id='word_1_182' title='bbox 125 3035 178 3073; x_wconf 85' lang='lat' dir='ltr'><strong>om.</strong></span> <span class='ocrx_word' id='word_1_183' title='bbox 197 3029 226 3084; x_wconf 83' lang='grc' dir='ltr'><strong><em>ψ</em></strong></span> <span class='ocrx_word' id='word_1_184' title='bbox 240 3021 249 3088; x_wconf 89' lang='grc' dir='ltr'><strong>ΙΙ</strong></span> <span class='ocrx_word' id='word_1_185' title='bbox 259 3026 323 3088; x_wconf 81' lang='lat' dir='ltr'><strong>post</strong></span> <span class='ocrx_word' id='word_1_186' title='bbox 339 3024 392 3071; x_wconf 69' lang='lat' dir='ltr'><strong>los</strong></span> <span class='ocrx_word' id='word_1_187' title='bbox 410 3036 483 3074; x_wconf 77' lang='lat' dir='ltr'><strong>nova</strong></span> <span class='ocrx_word' id='word_1_188' title='bbox 499 3037 600 3074; x_wconf 77' lang='grc'><strong>0000000</strong></span> <span class='ocrx_word' id='word_1_189' title='bbox 620 3038 648 3074; x_wconf 87' lang='grc' dir='ltr'>ω</span> <span class='ocrx_word' id='word_1_190' title='bbox 667 3039 829 3073; x_wconf 78' lang='lat' dir='ltr'><strong>nnrsonmvs</strong></span> <span class='ocrx_word' id='word_1_191' title='bbox 852 3028 989 3074; x_wconf 77' lang='lat' dir='ltr'><strong>nvnser</strong></span> <span class='ocrx_word' id='word_1_192' title='bbox 1011 3021 1067 3073; x_wconf 90' lang='lat' dir='ltr'><strong>Nu-</strong></span> 
     </span>
     <span class='ocr_line' id='line_1_31' title="bbox 53 3088 1068 3160; baseline 0.001 -17"><span class='ocrx_word' id='word_1_193' title='bbox 53 3090 110 3143; x_wconf 86' lang='lat' dir='ltr'><strong>trix</strong></span> <span class='ocrx_word' id='word_1_194' title='bbox 132 3088 253 3159; x_wconf 85' lang='lat' dir='ltr'><strong>Ipolitus</strong></span> <span class='ocrx_word' id='word_1_195' title='bbox 271 3095 308 3142; x_wconf 64' lang='grc' dir='ltr'><strong>Δτ</strong></span> <span class='ocrx_word' id='word_1_196' title='bbox 331 3094 397 3157; x_wconf 78' lang='lat' dir='ltr'><strong>(exc.</strong></span> <span class='ocrx_word' id='word_1_197' title='bbox 421 3092 469 3145; x_wconf 87' lang='lat' dir='ltr'><strong>Vd.</strong></span> <span class='ocrx_word' id='word_1_198' title='bbox 493 3092 542 3145; x_wconf 77' lang='lat' dir='ltr'><strong>rabi</strong></span> <span class='ocrx_word' id='word_1_199' title='bbox 559 3093 660 3146; x_wconf 80' lang='lat' dir='ltr'><strong>solum:</strong></span> <span class='ocrx_word' id='word_1_200' title='bbox 683 3091 784 3145; x_wconf 88' lang='lat' dir='ltr'><strong>Nutrix</strong></span> <span class='ocrx_word' id='word_1_201' title='bbox 807 3109 867 3160; x_wconf 77' lang='lat' dir='ltr'><strong>sup.</strong></span> <span class='ocrx_word' id='word_1_202' title='bbox 887 3093 949 3160; x_wconf 77' lang='lat' dir='ltr'><strong>tto.)</strong></span> <span class='ocrx_word' id='word_1_203' title='bbox 973 3110 995 3146; x_wconf 90' lang='grc'><strong>0.</strong></span> <span class='ocrx_word' id='word_1_204' title='bbox 1014 3096 1068 3146; x_wconf 86' lang='grc'><strong>403</strong></span> 
     </span>
     <span class='ocr_line' id='line_1_32' title="bbox 53 3162 1068 3230; baseline 0.001 -15"><span class='ocrx_word' id='word_1_205' title='bbox 53 3162 134 3227; x_wconf 72' lang='lat' dir='ltr'><strong>finiri</strong></span> <span class='ocrx_word' id='word_1_206' title='bbox 154 3176 283 3215; x_wconf 72' lang='lat' dir='ltr'><strong>menam</strong></span> <span class='ocrx_word' id='word_1_207' title='bbox 305 3166 331 3214; x_wconf 81' lang='lat' dir='ltr'><strong>et</strong></span> <span class='ocrx_word' id='word_1_208' title='bbox 351 3178 375 3215; x_wconf 86' lang='grc'><strong>0.</strong></span> <span class='ocrx_word' id='word_1_209' title='bbox 394 3165 449 3216; x_wconf 86' lang='grc'><strong>404</strong></span> <span class='ocrx_word' id='word_1_210' title='bbox 458 3178 495 3230; x_wconf 78' lang='lat' dir='ltr'><strong>sq.</strong></span> <span class='ocrx_word' id='word_1_211' title='bbox 518 3178 576 3216; x_wconf 83' lang='grc'><strong>000</strong></span> <span class='ocrx_word' id='word_1_212' title='bbox 598 3163 673 3216; x_wconf 77' lang='lat' dir='ltr'><strong>elteri</strong></span> <span class='ocrx_word' id='word_1_213' title='bbox 694 3179 748 3216; x_wconf 86' lang='lat' dir='ltr'><strong>esse</strong></span> <span class='ocrx_word' id='word_1_214' title='bbox 772 3165 818 3216; x_wconf 82' lang='lat' dir='ltr'><strong>sed</strong></span> <span class='ocrx_word' id='word_1_215' title='bbox 841 3165 958 3218; x_wconf 77' lang='lat' dir='ltr'><strong>nutricis</strong></span> <span class='ocrx_word' id='word_1_216' title='bbox 980 3180 1068 3216; x_wconf 77' lang='lat' dir='ltr'><strong>seorim</strong></span> 
     </span>
     <span class='ocr_line' id='line_1_33' title="bbox 53 3232 1067 3304; baseline 0 -17"><span class='ocrx_word' id='word_1_217' title='bbox 53 3232 190 3302; x_wconf 68' lang='grc'><strong>1000000400</strong></span> <span class='ocrx_word' id='word_1_218' title='bbox 206 3233 240 3285; x_wconf 78' lang='lat' dir='ltr'><strong>irs</strong></span> <span class='ocrx_word' id='word_1_219' title='bbox 251 3233 370 3288; x_wconf 71' lang='grc' dir='ltr'><strong>001000ον0·</strong></span> <span class='ocrx_word' id='word_1_220' title='bbox 381 3234 489 3303; x_wconf 71' lang='grc'><strong>0090000</strong></span> <span class='ocrx_word' id='word_1_221' title='bbox 504 3233 546 3286; x_wconf 85' lang='grc' dir='ltr'><strong>Μ.</strong></span> <span class='ocrx_word' id='word_1_222' title='bbox 558 3234 663 3287; x_wconf 70' lang='lat' dir='ltr'><strong>Miller</strong></span> <span class='ocrx_word' id='word_1_223' title='bbox 680 3235 812 3301; x_wconf 66' lang='lat' dir='ltr'><strong>opinatis</strong></span> <span class='ocrx_word' id='word_1_224' title='bbox 824 3251 853 3301; x_wconf 89' lang='lat' dir='ltr'><strong>p.</strong></span> <span class='ocrx_word' id='word_1_225' title='bbox 869 3239 905 3288; x_wconf 88' lang='grc'><strong>30</strong></span> <span class='ocrx_word' id='word_1_226' title='bbox 912 3252 949 3304; x_wconf 78' lang='lat' dir='ltr'><strong>sq.</strong></span> <span class='ocrx_word' id='word_1_227' title='bbox 968 3236 1014 3288; x_wconf 81' lang='lat' dir='ltr'><strong>sed</strong></span> <span class='ocrx_word' id='word_1_228' title='bbox 1032 3235 1067 3300; x_wconf 78' lang='grc'><strong>01.</strong></span> 
     </span>
     <span class='ocr_line' id='line_1_34' title="bbox 53 3303 1067 3376; baseline 0.001 -18"><span class='ocrx_word' id='word_1_229' title='bbox 53 3303 94 3358; x_wconf 76' lang='lat' dir='ltr'><strong>sd</strong></span> <span class='ocrx_word' id='word_1_230' title='bbox 110 3320 136 3358; x_wconf 86' lang='lat' dir='ltr'><strong>o.</strong></span> <span class='ocrx_word' id='word_1_231' title='bbox 151 3306 215 3357; x_wconf 81' lang='grc'><strong><em>383.</em></strong></span> <span class='ocrx_word' id='word_1_232' title='bbox 248 3304 376 3359; x_wconf 69' lang='lat' dir='ltr'><strong>stetero</strong></span> <span class='ocrx_word' id='word_1_233' title='bbox 394 3305 501 3358; x_wconf 75' lang='lat' dir='ltr'><strong>videtur</strong></span> <span class='ocrx_word' id='word_1_234' title='bbox 518 3305 642 3358; x_wconf 75' lang='lat' dir='ltr'><strong>dubitari</strong></span> <span class='ocrx_word' id='word_1_235' title='bbox 658 3322 743 3372; x_wconf 84' lang='lat' dir='ltr'><strong>posse,</strong></span> <span class='ocrx_word' id='word_1_236' title='bbox 762 3323 800 3359; x_wconf 85' lang='grc'><strong>00</strong></span> <span class='ocrx_word' id='word_1_237' title='bbox 813 3305 964 3376; x_wconf 70' lang='lat' dir='ltr'><strong>Hippolyti</strong></span> <span class='ocrx_word' id='word_1_238' title='bbox 981 3307 1067 3359; x_wconf 74' lang='grc'><strong>00000-</strong></span> 
     </span>
     <span class='ocr_line' id='line_1_35' title="bbox 54 3375 1069 3445; baseline 0.003 -17"><span class='ocrx_word' id='word_1_239' title='bbox 54 3390 115 3428; x_wconf 73' lang='lat' dir='ltr'><strong>eum</strong></span> <span class='ocrx_word' id='word_1_240' title='bbox 137 3376 212 3444; x_wconf 73' lang='lat' dir='ltr'><strong>pund</strong></span> <span class='ocrx_word' id='word_1_241' title='bbox 229 3376 339 3445; x_wconf 79' lang='lat' dir='ltr'><strong>prolopi</strong></span> <span class='ocrx_word' id='word_1_242' title='bbox 361 3375 444 3429; x_wconf 78' lang='lat' dir='ltr'><strong>tieem</strong></span> <span class='ocrx_word' id='word_1_243' title='bbox 464 3377 496 3428; x_wconf 74' lang='lat' dir='ltr'><strong>iit</strong></span> <span class='ocrx_word' id='word_1_244' title='bbox 518 3377 597 3429; x_wconf 64' lang='lat' dir='ltr'><strong>lteris</strong></span> <span class='ocrx_word' id='word_1_245' title='bbox 619 3383 700 3443; x_wconf 77' lang='lat' dir='ltr'><strong>tenet,</strong></span> <span class='ocrx_word' id='word_1_246' title='bbox 723 3378 873 3444; x_wconf 71' lang='lat' dir='ltr'><strong>pristinem</strong></span> <span class='ocrx_word' id='word_1_247' title='bbox 896 3378 983 3431; x_wconf 83' lang='lat' dir='ltr'><strong>sedem</strong></span> <span class='ocrx_word' id='word_1_248' title='bbox 1005 3382 1069 3444; x_wconf 78' lang='lat' dir='ltr'><strong>post</strong></span> 
     </span>
     <span class='ocr_line' id='line_1_36' title="bbox 51 3444 1069 3516; baseline 0 -17"><span class='ocrx_word' id='word_1_249' title='bbox 51 3462 76 3499; x_wconf 80' lang='lat' dir='ltr'><strong>a.</strong></span> <span class='ocrx_word' id='word_1_250' title='bbox 90 3449 148 3500; x_wconf 71' lang='lat'><strong>403</strong></span> <span class='ocrx_word' id='word_1_251' title='bbox 165 3444 292 3501; x_wconf 68' lang='grc'><strong>00000000</strong></span> <span class='ocrx_word' id='word_1_252' title='bbox 307 3447 465 3514; x_wconf 64' lang='lat' dir='ltr'><strong>palatim</strong></span> <span class='ocrx_word' id='word_1_253' title='bbox 482 3448 525 3500; x_wconf 82' lang='lat' dir='ltr'><strong>sit.</strong></span> <span class='ocrx_word' id='word_1_254' title='bbox 552 3448 563 3516; x_wconf 96' lang='grc'><strong>11</strong></span> <span class='ocrx_word' id='word_1_255' title='bbox 590 3451 635 3498; x_wconf 87' lang='grc'><strong>411</strong></span> <span class='ocrx_word' id='word_1_256' title='bbox 654 3447 762 3500; x_wconf 81' lang='lat' dir='ltr'><strong>alterna</strong></span> <span class='ocrx_word' id='word_1_257' title='bbox 781 3447 843 3500; x_wconf 84' lang='lat' dir='ltr'><strong>face</strong></span> <span class='ocrx_word' id='word_1_258' title='bbox 861 3453 884 3499; x_wconf 78' lang='grc' dir='ltr'><strong>Α</strong></span> <span class='ocrx_word' id='word_1_259' title='bbox 906 3451 915 3516; x_wconf 94' lang='grc'><strong>11</strong></span> <span class='ocrx_word' id='word_1_260' title='bbox 942 3452 991 3499; x_wconf 90' lang='grc'><strong>414</strong></span> <span class='ocrx_word' id='word_1_261' title='bbox 1009 3453 1069 3513; x_wconf 84' lang='lat' dir='ltr'><strong>post</strong></span> 
     </span>
     <span class='ocr_line' id='line_1_37' title="bbox 52 3516 1067 3587; baseline 0 -18"><span class='ocrx_word' id='word_1_262' title='bbox 52 3521 102 3569; x_wconf 73' lang='grc'><strong>410</strong></span> <span class='ocrx_word' id='word_1_263' title='bbox 118 3519 227 3587; x_wconf 72' lang='grc'><strong>111410</strong></span> <span class='ocrx_word' id='word_1_264' title='bbox 239 3516 388 3571; x_wconf 79' lang='lat' dir='ltr'><strong>innsoten</strong></span> <span class='ocrx_word' id='word_1_265' title='bbox 406 3517 516 3571; x_wconf 88' lang='lat' dir='ltr'><strong>inuerte</strong></span> <span class='ocrx_word' id='word_1_266' title='bbox 530 3536 565 3583; x_wconf 81' lang='grc' dir='ltr'><strong>α,</strong></span> <span class='ocrx_word' id='word_1_267' title='bbox 584 3534 651 3571; x_wconf 77' lang='lat' dir='ltr'><strong>cerr.</strong></span> <span class='ocrx_word' id='word_1_268' title='bbox 668 3518 821 3573; x_wconf 77' lang='lat' dir='ltr'><strong>Koetsclaaia</strong></span> <span class='ocrx_word' id='word_1_269' title='bbox 834 3522 843 3587; x_wconf 93' lang='grc'><strong>11</strong></span> <span class='ocrx_word' id='word_1_270' title='bbox 857 3523 911 3571; x_wconf 80' lang='grc'><strong>420</strong></span> <span class='ocrx_word' id='word_1_271' title='bbox 925 3517 1067 3571; x_wconf 84' lang='lat' dir='ltr'><strong>nocturnis</strong></span> 
     </span>
     <span class='ocr_line' id='line_1_38' title="bbox 52 3586 783 3659; baseline 0.001 -17"><span class='ocrx_word' id='word_1_272' title='bbox 52 3586 124 3643; x_wconf 72' lang='lat' dir='ltr'><strong>rotie</strong></span> <span class='ocrx_word' id='word_1_273' title='bbox 140 3588 184 3643; x_wconf 75' lang='lat' dir='ltr'><strong>ool</strong></span> <span class='ocrx_word' id='word_1_274' title='bbox 200 3588 284 3656; x_wconf 81' lang='lat' dir='ltr'><strong>sqnis</strong></span> <span class='ocrx_word' id='word_1_275' title='bbox 302 3588 418 3659; x_wconf 70' lang='lat' dir='ltr'><strong>Bentley</strong></span> <span class='ocrx_word' id='word_1_276' title='bbox 432 3591 506 3658; x_wconf 78' lang='grc'><strong>11423</strong></span> <span class='ocrx_word' id='word_1_277' title='bbox 526 3589 604 3641; x_wconf 84' lang='lat' dir='ltr'><strong>fauet</strong></span> <span class='ocrx_word' id='word_1_278' title='bbox 623 3594 645 3640; x_wconf 79' lang='lat' dir='ltr'><strong>A</strong></span> <span class='ocrx_word' id='word_1_279' title='bbox 664 3588 742 3643; x_wconf 85' lang='lat' dir='ltr'><strong>faues</strong></span> <span class='ocrx_word' id='word_1_280' title='bbox 762 3609 783 3642; x_wconf 82' lang='grc'><strong>0</strong></span> 
     </span>
    </p>
   </div>
   <div class='ocr_carea' id='block_1_7' title="bbox 0 0 1202 3990">
    <p class='ocr_par' dir='ltr' id='par_1_12' title="bbox 0 0 1202 3990">
     <span class='ocr_line' id='line_1_39' title="bbox 0 0 1202 3990; baseline 0 3"><span class='ocrx_word' id='word_1_281' title='bbox 0 0 1202 3990; x_wconf 95' lang='lat' dir='ltr'><strong> </strong></span> 
     </span>
    </p>
   </div>
  </div>
 </body>
</html>
