2394 3990
142 193 208 258 204
464 195 493 248 L.
508 193 650 248 ANNAEI
669 193 831 250 SENECAE

140 361 206 404 non
229 360 289 425 ego
313 344 443 421 penates
468 339 623 425 profugus
648 339 768 406 excessi
791 363 893 406 meos:

140 451 253 513 pamm
277 429 345 510 ipse
368 428 469 492 fideus
493 429 640 493 mihimet
662 431 792 495 intuto
814 435 885 514 1111,

140 522 268 601 natura,
290 518 385 601 posui
408 519 485 581 iura.
533 539 605 582 cum
629 540 745 604 magna
768 519 912 603 horreas,
1106 535 1130 584 15
1183 492 1189 595 l

141 607 228 688 quod
250 628 344 690 posse
367 607 437 670 fieri
459 628 525 670 uon
548 611 640 690 putes
664 612 788 673 metuas
811 613 934 673 tamen:
1187 620 1189 631 '

143 699 258 759 cuncta
281 716 457 779 expavesco
481 718 596 778 meque
619 718 685 761 uon
708 698 802 762 credo
825 699 915 762 mihi.

207 782 275 847 Iam
298 784 363 848 iam
386 784 509 866 aliquid
531 786 566 848 in
587 807 647 850 nos
669 785 737 850 fata
760 788 867 851 moliri
891 792 1014 871 parant.

140 895 215 936 nam
240 873 317 955 quid
340 895 411 936 1111
434 874 521 956 quod
543 875 605 938 isia
629 873 784 939 Cadmeae
806 877 876 940 lues

141 961 257 1026 infesta
280 963 369 1047 genti
392 966 498 1048 strage
521 966 588 1026 tam
610 964 675 1028 late
699 964 783 1028 edita

141 1049 222 1114 mihi
245 1051 448 1133 parcitum?
472 1051 523 1115 cui
546 1074 745 1117 reservamur
767 1054 875 1118 malo?

140 1139 355 1203 interminas
378 1140 466 1204 urbis
489 1145 521 1204 et
543 1161 669 1224 semper
691 1143 782 1206 novis

141 1228 286 1293 deflenda
307 1229 448 1293 lacrimis
470 1229 583 1295 funera
605 1252 643 1295 ac
665 1232 778 1314 populi
802 1235 923 1295 struem

141 1318 312 1382 incolumis
336 1322 405 1382 asto
425 1355 467 1364 -
487 1319 609 1383 scilicet
631 1317 754 1383 Phoebi
776 1342 857 1384 reus.

142 1428 268 1490 sperare
290 1410 418 1490 poteras
443 1408 613 1472 sceleribus
637 1409 736 1472 tantis
760 1410 828 1473 dari

141 1516 276 1580 regnum
300 1495 448 1560 salubre?
470 1496 605 1562 fecimus
629 1499 752 1562 caelum
775 1519 901 1562 nocens.

207 1583 285 1648 Non
306 1607 384 1648 aura
406 1586 512 1669 gelido
535 1586 617 1649 lenis
639 1587 751 1651 afflatu
773 1586 863 1651 fovet

141 1673 256 1736 anhela
278 1673 416 1737 flammis
439 1674 548 1757 corda,
570 1696 637 1738 non
659 1674 798 1759 Zephyri
821 1678 907 1742 leves

142 1762 279 1846 spirant,
301 1763 357 1826 sed
379 1764 469 1847 ignes
492 1767 589 1848 auget
612 1765 752 1830 aestiferi
776 1767 863 1829 canis

141 1850 251 1933 Titan,
272 1851 375 1914 leonis
398 1855 489 1937 terga
511 1851 663 1917 Nemeaei
687 1876 842 1937 premens.

142 1940 281 2005 deseruit
303 1962 412 2004 amnes
435 1962 529 2004 umor
551 1945 648 2024 atque
670 1943 785 2007 herbas
809 1944 898 2008 color

141 2033 272 2110 aretque
295 2028 403 2112 Dirce,
425 2031 531 2093 tenuis
553 2028 697 2096 Ismenos
720 2033 792 2096 fluit

142 2122 174 2182 11
196 2118 316 2202 tinguit
338 2118 429 2201 inopi
451 2120 537 2183 nuda
559 2121 613 2183 vix
636 2122 722 2184 unda
744 2122 832 2185 vada.

142 2207 278 2271 obscura
300 2207 388 2269 caelo
411 2207 532 2271 labitur
553 2207 677 2273 Phoebi
700 2231 799 2294 11111,

140 2296 306 2379 tristisque
329 2296 467 2359 mundus
490 2297 601 2361 nubilo
624 2299 725 2381 pallet
748 2300 807 2364 die.

141 2386 266 2449 nullum
290 2385 409 2448 serenis
432 2386 581 2450 noctibus
605 2388 692 2451 sidus
714 2389 821 2471 micat,

142 2474 197 2538 sed
220 2473 327 2559 gravis
351 2477 383 2538 11
406 2477 474 2538 1111
496 2475 628 2540 incubat
650 2479 744 2540 terris
767 2498 880 2560 vapor:

142 2563 267 2628 obtexit
289 2584 377 2627 arces
401 2565 551 2628 caelitum
575 2586 612 2629 ac
636 2587 775 2631 summas
799 2567 911 2630 domos

141 2653 266 2716 inferna
287 2652 394 2716 facies.
440 2653 577 2737 denegat
598 2653 740 2719 fructum
764 2653 857 2720 Ceres

141 2742 263 2824 adulta,
287 2742 415 2806 staltis
438 2742 521 2805 flava
544 2763 616 2806 cum
641 2744 737 2826 spicis
759 2747 885 2830 tremat,
1120 2759 1148 2806 so

141 2835 250 2895 arente
275 2832 381 2895 culmo
405 2831 522 2894 sterilis
546 2833 700 2896 emoritur
723 2855 821 2918 seges.

141 2941 199 2983 neo
222 2921 289 2984 ulla
311 2941 385 3003 pars
409 2919 561 2983 immunis
585 2921 683 2984 exitio
707 2925 814 3004 vacat,

142 3010 197 3072 sed
220 3010 323 3073 omnir
347 3012 434 3072 aetas
458 3010 577 3091 pariter
599 3015 631 3074 et
655 3032 747 3076 sexus
770 3012 850 3094 ruit,

212 3167 1150 3238 1311111131111114111111111111111.1111911111

140 3239 241 3291 2111.
261 3237 441 3306 1111111111
469 3240 478 3306 ΙΙ
506 3243 539 3291 34
558 3237 707 3292 incolumis
726 3245 834 3309 ergoA
860 3243 870 3309 ll
897 3245 930 3292 37
950 3256 1003 3294 uec
1022 3256 1091 3294 aura
1108 3241 1151 3306 Eu

140 3312 175 3360 39
198 3307 264 3376 igne
287 3308 411 3378 frigetE
438 3310 537 3378 (saevit
555 3311 596 3364 cel
613 3309 702 3364 fervet
723 3312 833 3366 Grcum
856 3311 978 3380 frigitI.
1001 3311 1119 3378 Gronov)
1144 3312 1151 3378 ΙΙ

140 3418 175 3466 40
200 3413 319 3468 sicana
345 3418 349 3485 ι
373 3416 465 3470 nemu
483 3420 538 3468 11
556 3433 623 3471 corr.
643 3429 671 3483 ψ
698 3419 707 3485 ιι
734 3422 769 3470 41
793 3388 948 3486 siliquas
975 3421 985 3487 l
1012 3423 1047 3471 11
1071 3417 1152 3487 ungu

141 3485 204 3553 ipsa
217 3489 240 3537 Δ
259 3488 310 3556 l4⁵
330 3486 420 3555 pallet
434 3504 507 3540 nouo
521 3491 544 3539 Δ
558 3488 602 3556 (of.
618 3491 683 3557 219)
698 3491 707 3556 [l
722 3493 755 3540 ⁵0
775 3491 881 3543 cremat
895 3506 922 3543 ω
937 3505 1005 3544 corr.
1024 3490 1151 3558 Gronovll

142 3562 175 3609 52
194 3556 280 3611 Nula
298 3577 325 3627 p.
345 3563 368 3611 Δ
387 3559 449 3628 (nec
466 3557 526 3611 ulla
544 3559 573 3626 τ)
587 3561 597 3626 Η
611 3563 644 3610 5³
664 3563 693 3612 et
711 3561 802 3613 omnis
820 3573 848 3626 ψ
