2394 3990
490 107 644 163 OEDIPVS

83 258 153 320 uates
173 254 294 319 amictu
317 274 434 338 eorpus
457 257 489 317 et
510 254 656 319 frondem
681 255 793 337 quatit.

83 342 208 430 lugubris
230 345 313 408 imos
335 341 422 427 palla
443 343 608 426 perfundit
630 343 741 426 pedes,

82 434 228 516 squalente
251 432 342 497 cultu
364 435 504 496 maestus
527 432 705 517 ingreditur
728 453 839 518 senex,

10 530 13 535 '
81 521 228 587 mortifera
251 542 364 586 canam
385 524 480 585 taxus
503 521 674 606 adstringit
697 542 831 586 comam.

30 672 37 683 ‚
79 610 156 697 nigro
178 610 327 675 bidentes
349 609 466 674 vellere
489 614 584 694 atque
607 614 695 674 atrae
717 610 816 675 boves

28 740 34 785 ρ
79 699 148 764 iutro
169 700 350 764 trahuntur.
395 699 525 763 flamma
547 699 718 782 praedatur
740 699 851 784 dapes,

27 796 33 814 ⁴
77 789 234 873 rivumque
256 786 397 871 trepidat
419 788 494 873 igne
517 787 609 852 ferali
630 808 735 871 pecus.

77 882 157 943 uasat
178 877 253 941 inde
275 897 385 940 manes
408 880 504 958 teque
528 877 584 959 qui
607 898 716 941 manes
739 878 824 963 regis

75 970 100 1031 et
118 965 317 1031 obsidentem
340 965 479 1029 elaudra
501 963 634 1030 Lethaei
656 965 759 1050 lacus,

10 1098 12 1117 2
73 1074 251 1138 earmenque
273 1054 435 1140 magicum
459 1054 560 1118 volvit
583 1059 616 1118 et
638 1054 748 1119 rabido
772 1056 880 1119 minax

72 1143 208 1209 decantat
232 1164 286 1208 ore
309 1143 462 1228 quiequid
485 1148 540 1207 aut
562 1144 668 1226 placat
690 1144 776 1208 leves

70 1238 117 1297 aut
139 1233 228 1319 cogit
248 1232 401 1316 umbras3.
417 1233 605 1317 sanguinem
627 1232 709 1296 libet
731 1233 811 1297 focis

69 1323 242 1406 solidasque
265 1320 402 1405 pecudes
424 1321 491 1385 urit
514 1325 546 1385 et
569 1320 671 1385 multo
696 1342 824 1405 specum

68 1414 183 1476 saturat
206 1431 332 1495 eruore;
354 1408 436 1474 libat
458 1413 491 1474 et
513 1409 642 1474 niveum
665 1410 796 1494 insuper

66 1498 153 1565 laetis
175 1498 350 1583 liquorem,
372 1498 480 1563 fundit
503 1503 535 1563 et
557 1497 720 1563 Baeehum
743 1521 840 1564 menn

64 1588 149 1653 laeva
173 1588 325 1671 canitque
346 1608 457 1653 rursus
480 1609 517 1653 aa
540 1593 657 1653 terram
680 1590 808 1653 intuens

64 1679 207 1763 graviore
230 1698 341 1741 manes
364 1696 442 1741 voee
465 1679 497 1740 et
519 1677 657 1742 attonita
680 1678 766 1742 eitat.

63 1766 191 1831 latravit
214 1764 352 1830 Hecates
375 1766 483 1851 turba3
505 1770 556 1830 ter
577 1767 678 1831 ualles
701 1787 796 1830 cavae

64 1876 195 1921 sonuere
218 1858 389 1939 maestum,
412 1858 481 1919 tota
503 1875 653 1920 succusso
677 1857 746 1920 solo

63 1946 190 2029 pulsata
212 1943 317 2008 tellus.
363 1942 499 2008 ‘audior’
523 1947 612 2008 vates
635 1944 693 2027 ait,

64 2034 142 2098 ‘rata
165 2033 264 2098 verba
286 2032 368 2097 fudi:
390 2033 553 2117 rumpitur
576 2054 704 2097 eaeeum
727 2032 824 2097 chaos

63 2122 187 2206 iterque
210 2121 340 2205 populis
363 2120 448 2187 Ditis
472 2121 513 2186 ad
535 2143 668 2205 superos
691 2121 804 2187 detur’.

62 2210 206 2276 subsedit
229 2210 335 2275 omnis
358 2210 439 2274 silva
462 2214 493 2275 et
516 2212 616 2275 erexit
640 2232 760 2294 eomas,

62 2298 180 2365 duxere
202 2300 301 2364 rimas
322 2299 439 2364 robore
462 2303 494 2363 et
517 2302 622 2363 totum
644 2322 757 2364 nemus

61 2389 225 2455 conaussit
246 2388 370 2471 horror,
392 2392 479 2452 terra
500 2411 535 2453 se
557 2393 642 2453 retro
666 2388 754 2452 dedit

60 2478 252 2631 gemuitque
273 2478 414 2561 penitus:
437 2478 504 2542 sive
526 2478 677 2561 temptari
701 2478 846 2542 abditum

90 2566 213 2632 eheron
234 2564 430 2650 profundum
452 2570 560 2630 mente
582 2587 648 2630 non
670 2589 772 2650 aequa
794 2569 882 2651 tulit,

62 2654 128 2721 sive
151 2654 225 2739 ipsa
247 2654 357 2739 tellus,
378 2659 416 2719 ut
439 2655 528 2719 daret
550 2656 669 2721 functis
692 2656 791 2740 viam,

60 2764 219 2830 aempage
241 2748 336 2827 rupta
355 2744 476 2829 sonuit3
500 2747 555 2809 aut
577 2745 626 2809 ira
647 2745 756 2809 furens

62 2834 182 2918 trineps
207 2835 336 2899 catenas
359 2830 515 2898 Cerberus
537 2834 640 2898 movit
663 2854 783 2919 graves.

1019 2761 1071 2809 580

129 3048 185 3097 m
203 3042 331 3097 frondem
349 3043 426 3113 rapit
444 3044 612 3111 Koetsebau,
635 3046 768 3100 transtrto
788 3051 852 3113 poet
873 3046 945 3099 itane
968 3063 1071 3100 versum

57 3130 81 3169 a.
95 3116 175 3185 dddfl
189 3118 242 3168 557
256 3116 342 3169 antro
360 3120 382 3167 Ε
405 3116 479 3169 retro
498 3119 521 3167 A
539 3133 606 3171 corr.
623 3117 665 3170 M.
681 3117 787 3170 Mulier
801 3133 830 3185 p.
846 3120 882 3170 35
899 3117 934 3181 ef.
951 3134 974 3170 u.
991 3121 1045 3170 564
1064 3120 1072 3185 ΙΙ

59 3190 110 3241 566
128 3184 227 3255 Teque
241 3184 299 3239 obs.
315 3186 432 3257 Bentley
447 3186 561 3255 {letalis
579 3186 657 3241 lacus
672 3205 699 3242 ω
715 3187 789 3258 (lost.
804 3190 837 3258 Ε)
850 3204 917 3242 corr.
933 3189 970 3242 N.
982 3188 1070 3242 Hein-

57 3259 115 3313 sius
131 3272 160 3316 v.
175 3260 231 3312 174
253 3259 263 3327 fl
285 3262 336 3311 566
354 3256 456 3327 irrigat
474 3258 588 3328 sanguis
608 3258 684 3313 focos
703 3263 725 3311 A
748 3263 757 3330 Η
783 3264 833 3312 567
854 3262 882 3312 et
899 3260 1003 3313 terram
1022 3264 1044 3310 A
1063 3262 1071 3329 u

58 3333 108 3383 566
128 3328 187 3383 aiat
205 3331 242 3380 A*
259 3330 335 3398 11566
352 3344 404 3399 per
420 3328 508 3383 valles
527 3346 609 3383 cavas
627 3336 648 3383 Ε
663 3333 671 3400 11
687 3336 738 3383 574
758 3330 883 3384 subsedit
902 3348 929 3385 ω
951 3330 1072 3383 subsidit

58 3404 74 3467 (
165 3399 240 3455 idem
257 3403 306 3469 est)
325 3399 382 3455 Leo
406 3416 467 3455 eum
488 3401 625 3456 Gronouio
641 3405 645 3471 t
662 3407 811 3455 comamA
836 3404 844 3471 ΙΙ
872 3407 924 3455 576
942 3401 1018 3454 unda
1042 3416 1071 3453 se
1186 3416 1188 3423 ·

131 3472 363 3545 Mfflam
