2394 3990
135 196 203 260 250
458 196 488 249 L.
503 195 645 250 ANNAEI
663 194 827 251 SENECAE

136 365 203 407 non
225 342 341 406 melior
362 338 446 405 Aiax
469 345 573 406 morie
596 342 722 406 decreta
743 342 867 426 furens,

135 453 203 496 non
225 431 295 495 sola
317 429 437 494 Danais
460 429 583 495 Hector
606 435 638 495 el
659 431 745 496 bello
768 452 872 515 mora,

135 523 238 584 nont
224 520 289 584 tela
311 518 435 583 Paridis
458 523 557 602 ceila,
579 541 647 584 non
668 519 821 584 Memnon
842 521 945 607 niger,

134 629 202 672 non
224 607 311 672 Xant
312 609 373 672 hus
396 609 493 672 armis
517 628 652 692 corpora
674 609 822 674 immixta
844 631 1002 696 aggerens

136 697 215 762 fluct
201 703 317 781 iusque
341 695 459 761 Simois
483 698 578 761 caede
600 719 779 782 purpureos
802 719 915 783 agens,

135 806 203 850 non
224 787 318 850 nivea
341 786 448 870 proles
472 784 598 868 Cycnus
621 788 772 869 aequorei
795 788 859 870 dei,

134 896 203 939 non
224 875 378 940 bellicoso
402 874 540 940 Thressa
563 895 637 939 cum
659 874 768 941 Rheso
792 874 949 961 phalanx,

135 985 203 1028 non
225 965 312 1048 picta
335 964 501 1048 pharetras
524 967 557 1028 et
580 965 760 1050 securigera
783 987 880 1030 manu

136 1054 258 1136 peltata
281 1051 447 1118 Amazon?
469 1053 556 1116 hunc
579 1053 667 1117 domi
689 1055 839 1118 reducem
862 1076 956 1138 paras

136 1145 275 1206 mactare
299 1145 424 1206 claras
447 1142 542 1206 caede
565 1143 726 1207 maculare
749 1143 870 1226 impia?

135 1231 252 1295 victrix
274 1231 414 1296 inultum
439 1228 572 1295 Graecia
594 1230 658 1296 hoc
679 1232 804 1297 facinus
827 1232 929 1297 feret?

26 1402 27 1405 Ἴ
134 1341 235 1403 equos
259 1324 291 1384 et
313 1342 402 1384 arma
427 1320 645 1403 classibusque
668 1321 802 1385 horrens
824 1321 943 1386 frelum

134 1431 280 1493 propone
303 1412 335 1473 el
357 1410 423 1473 alto
447 1408 603 1494 sanguine
626 1410 790 1474 eximdans
813 1411 919 1474 solum

134 1501 168 1562 el
190 1502 260 1562 tota
283 1501 395 1581 captae
417 1497 484 1562 fata
506 1497 686 1563 Dardaniae
710 1499 823 1563 domus

134 1590 261 1672 regesta
283 1585 412 1650 Danais.
459 1587 634 1670 comprime
657 1586 792 1652 affectus
814 1591 920 1653 truces

135 1680 339 1758 mentemque
362 1675 490 1740 tibimet
513 1677 583 1759 ipsa
606 1676 740 1759 pacifica
762 1680 860 1741 tuam.

236 1903 483 1971 AEGISTHVS
521 1905 840 1971 OLYTEMESTRA
875 1905 1048 1973 NVTRIX

201 2030 295 2106 Quod
316 2035 444 2114 tempus
468 2032 575 2095 animo
600 2052 726 2115 semper
748 2051 786 2095 ac
808 2035 915 2096 mente
938 2032 1052 2097 horrui

134 2120 225 2184 adest
247 2120 408 2204 professu,
429 2120 525 2184 rebus
549 2124 728 2184 extremum
752 2122 840 2185 meis.

135 2210 213 2292 quid
235 2210 460 2294 terganensis,
483 2210 610 2273 anime?
634 2209 712 2292 quid
734 2211 840 2293 primo
863 2210 987 2294 impetu

134 2298 268 2382 deponis
292 2300 401 2363 arma?
424 2299 516 2362 crede
538 2297 712 2382 perniciem
735 2298 797 2361 tibi

133 2391 167 2452 ei·
190 2388 258 2451 dira
281 2408 392 2451 saevos
414 2389 482 2451 fata
504 2388 612 2451 moliri
635 2388 724 2451 deos:

134 2497 264 2560 oppone
287 2477 410 2540 cuncus
433 2477 497 2540 vile
520 2476 688 2560 suppliciis
712 2479 822 2559 caput,

133 2566 319 2649 fenumque
341 2568 374 2629 el
396 2565 486 2650 ignes
510 2569 640 2649 pectore
663 2565 796 2629 adverso
820 2565 941 2649 excipe,

133 2651 303 2740 Aegistho:
326 2675 393 2718 non
416 2658 464 2718 est
486 2675 591 2737 poena
614 2655 661 2718 sic
682 2657 759 2717 nato
784 2655 876 2719 mori.

132 2747 170 2808 lu
192 2764 253 2808 nos
276 2743 388 2826 pericli
411 2743 512 2826 socia,
535 2747 585 2826 tu,
607 2742 695 2806 Leda
717 2746 800 2825 saia,

133 2833 288 2896 comitare
310 2835 451 2896 tantum:
475 2833 664 2916 sanguinem
686 2832 797 2896 reddet
819 2832 880 2895 tibi
1101 2847 1150 2896 225

133 2921 269 3006 ignavus
292 2922 353 2985 iste
376 2922 491 2985 ductor
513 2941 550 2985 ac
572 2921 666 2985 fortis
689 2924 788 3004 palor.

133 3010 190 3073 scd
213 3010 290 3093 quid
312 3013 486 3074 uenientes
509 3011 624 3074 circuit
646 3011 752 3092 pallor
774 3030 873 3094 genas

133 3098 304 3182 iacensque
326 3100 419 3163 vultu
441 3099 596 3184 languido
620 3102 754 3184 optutus
777 3098 907 3181 stupes?

205 3277 253 3324 218
273 3273 389 3327 santhus
407 3280 429 3325 Ε
446 3275 449 3342 Ι
465 3273 597 3328 immixta
614 3276 670 3325 ΕΔ
696 3272 833 3326 immixtis
851 3283 879 3338 ψ
896 3275 900 3343 Ι
916 3287 1017 3342 gerens
1036 3289 1064 3327 ω
1083 3288 1150 3328 corr.

136 3343 246 3398 Grorroc
264 3345 273 3413 Η
291 3349 345 3398 220
362 3344 450 3399 ultrix
468 3348 521 3414 ΔΙΙ
542 3349 597 3398 222
619 3348 785 3412 preponeA
807 3346 817 3413 ΙΙ
838 3348 891 3397 225
914 3362 1014 3398 svumx
1033 3361 1083 3400 osu.
1102 3349 1125 3396 Δ
1141 3345 1150 3412 ΙΙ

132 3418 187 3467 223
206 3431 267 3469 sse.
283 3415 374 3484 waes
393 3418 438 3484 nn
452 3421 506 3470 233
523 3415 651 3484 permitti
669 3414 724 3469 tibi
742 3417 822 3539 sp
809 3420 863 3469 233
881 3415 914 3471 de
932 3415 1151 3484 aureorum

132 3484 169 3552 es.
185 3487 228 3540 M.
239 3486 345 3542 Mula
358 3487 409 3542 Pa
423 3491 482 3542 aaa
502 3489 511 3556 ιι
531 3492 584 3539 233
599 3485 650 3540 cli.
665 3493 691 3542 et
703 3491 757 3541 334
794 3486 832 3556 gi
843 3486 935 3556 praes.
950 3491 974 3539 s
987 3488 997 3556 n
1010 3492 1064 3542 234
1078 3486 1150 3558 peri-

133 3556 185 3612 clis
205 3558 264 3614 otia
282 3559 327 3628 ΕΗ
340 3563 394 3612 236
412 3557 494 3613 fortis
512 3558 658 3627 pariterE
