2394 3990
490 231 648 288 OCTAVIA

244 379 342 444 finem
365 379 450 444 curis
472 379 526 443 vel
548 382 651 443 morte
675 378 755 443 dies:

242 489 309 533 non
331 489 392 554 ego
415 467 502 532 saevi
525 490 653 534 cernere
676 488 774 552 cogar

243 557 390 643 coniugis
414 578 483 640 ora,

241 667 308 710 non
329 646 452 711 invisos
474 646 593 710 intrare
616 645 697 709 mihi

241 734 402 799 thalamos
424 734 579 818 famulam

241 845 333 888 soror
349 821 504 909 Augusti,
526 844 592 887 non
614 843 696 887 uxor
718 844 782 887 ero.

240 913 349 976 absint
370 915 497 977 tentum
520 912 629 976 tristes
652 933 775 995 poenae

239 1000 359 1084 letique
382 1004 496 1066 metus.

241 1089 397 1154 scelerum
420 1089 496 1173 diri,
518 1088 712 1172 miserando,
735 1088 797 1153 viri

240 1182 333 1262 potes
354 1177 418 1242 hoc
441 1177 571 1243 demens
595 1199 721 1261 sperare
744 1179 890 1243 memor?

238 1266 299 1331 hos
321 1266 362 1331 ed
384 1265 545 1331 thalamos
568 1270 693 1331 servata
716 1266 772 1331 diu

238 1356 371 1420 victima
392 1355 522 1420 tandem
545 1355 674 1419 funesta
696 1355 797 1420 cades.

238 1443 294 1509 sed
317 1443 395 1528 quid
417 1444 540 1528 patrios
564 1465 658 1527 saepe
680 1447 814 1528 penates

237 1532 467 1616 respiciendis
491 1532 625 1597 confusa
647 1533 762 1620 genis?

235 1643 373 1705 propera
395 1622 490 1686 tectis
514 1621 624 1686 efferre
647 1623 780 1708 gradus,

235 1711 347 1794 linque
370 1714 536 1776 cruentam
559 1711 716 1795 principis
739 1712 855 1775 aulam.

305 1815 406 1864 cnon.
429 1798 482 1863 En
505 1799 615 1864 illuxit
637 1802 786 1883 suspecta
810 1800 879 1883 diu,

234 1886 321 1950 fama
343 1889 463 1959 totiens
486 1889 606 1954 iactate
627 1889 708 1953 dies:

236 1977 332 2042 cessit
354 1976 507 2042 thalamis
530 1975 666 2042 Claudia
688 1975 750 2041 diri

233 2065 328 2148 pulsa
348 2063 502 2149 Neronis,

235 2174 316 2237 quos
338 2154 403 2218 iam
426 2154 543 2219 victrix
565 2153 717 2238 Poppaea
738 2158 841 2237 tenet,

233 2245 337 2306 cessat
357 2242 462 2326 pietas
485 2242 562 2308 dum
584 2247 695 2308 nostra
718 2244 808 2328 gravi

233 2351 417 2414 compressa
438 2335 528 2396 metu
550 2332 720 2418 segnisque
744 2330 844 2397 dolor.

232 2419 290 2483 ubi
311 2419 451 2485 Romani
473 2421 522 2484 vis
546 2425 595 2485 est
616 2421 743 2504 populi,

231 2507 329 2593 fregit
352 2507 456 2574 claros
479 2530 561 2593 quae
584 2530 678 2592 saepe
700 2509 812 2592 duces,

233 2595 320 2661 dedit
341 2596 481 2663 invictae
502 2599 591 2683 leges
613 2598 751 2682 pamiae,

230 2685 333 2750 fasces
356 2685 462 2772 dignis
485 2686 609 2751 civibus
633 2686 726 2769 olim,

230 2773 325 2839 iussit
346 2774 469 2840 bellum
492 2796 681 2859 pacemque,
703 2774 788 2839 feras

230 2865 343 2948 gentes
367 2863 505 2947 domuit,

230 2955 342 3035 captos
364 2973 457 3038 reges
480 2972 605 3016 carcere
628 2950 766 3016 clausit?

229 3041 337 3126 gravis
361 3062 401 3104 en
424 3041 526 3106 oculis
549 3040 691 3124 undique
713 3039 833 3105 nostris

228 3129 293 3192 iam
315 3128 487 3213 Poppaeae
508 3129 614 3215 fulget
636 3130 758 3214 imago,

117 3307 169 3356 666
184 3302 230 3357 vel
242 3305 363 3358 mortem
376 3315 404 3370 ψ
417 3306 571 3359 mortemve
586 3304 684 3373 Peiper
697 3306 707 3373 ΙΙ
721 3308 773 3356 664
788 3318 890 3358 saeuae
899 3309 922 3356 A
936 3321 1004 3361 cerr.
1017 3325 1039 3360 α
1055 3307 1059 3377 l

53 3389 129 3444 tegor
142 3377 166 3427 A
181 3389 250 3433 corr.
265 3386 293 3442 ψ
306 3376 316 3446 ss
330 3380 467 3429 661-666
486 3376 566 3430 chero
583 3376 745 3431 tribuimur
762 3386 790 3441 ψ
805 3378 877 3445 11661
896 3391 1021 3430 socerum
1038 3381 1061 3428 A

53 3462 122 3501 lotor
139 3445 181 3501 oet
199 3461 276 3501 soror
294 3457 352 3513 οψ
366 3462 434 3502 corr.
449 3458 477 3514 ψ
496 3447 530 3513 cf.
542 3447 600 3516 prf.
615 3447 632 3500 t.
642 3464 670 3500 a.
690 3447 805 3514 Peipero
822 3463 948 3501 socerum
966 3464 980 3500 e
998 3465 1059 3499 cuo.

53 3521 110 3572 eota
128 3517 198 3576 male
216 3518 378 3587 interposita
394 3523 492 3573 notem
509 3518 617 3572 oidetw
629 3519 639 3587 ΙΙ
653 3523 705 3571 666
723 3517 777 3571 hoc
795 3519 836 3573 oet
853 3518 924 3571 haec
942 3521 965 3568 A
978 3518 987 3586 ΙΙ
997 3522 1064 3584 post·

53 3604 64 3642 ν.
77 3591 130 3641 666
146 3587 276 3644 lacunam
289 3590 387 3645 statuit
395 3589 496 3658 Peiper
509 3592 518 3659 ΙΙ
532 3594 598 3642 676·
610 3604 734 3658 monem,
748 3587 901 3641 elssb—eel
914 3587 1023 3642 dimetri
1036 3590 1059 3637 A

413 3696 417 3704 ,
854 3676 910 3731 (Συ
