2394 3990
502 230 630 285 MEDEA
1005 232 1066 296 131

54 380 88 441 55
110 376 184 459 ipse
206 396 299 441 cesus
323 398 418 460 saepe
440 376 503 441 iam
528 381 676 460 expertos
699 378 785 441 time.

55 483 142 529 nnn.
164 464 311 530 Fortuna
332 487 459 549 semper
481 467 586 530 omnis
608 467 692 530 infre
714 489 765 530 me
789 466 885 530 stetit.
1017 483 1069 531 520

54 570 119 618 us,
142 552 283 619 Acastus
306 554 414 618 instet.
459 572 543 618 551).
568 554 703 639 Propior
726 559 775 620 est
796 554 899 619 hostis
923 553 1017 619 Oreo:

54 646 231 727 utrumque
254 643 400 728 profuge.
444 665 511 708 non
533 647 571 707 ut
592 645 627 707 in
649 665 794 708 socerum
817 666 931 708 manus

54 754 159 797 urmes
183 754 244 797 nec
265 735 304 795 ut
325 735 358 795 te
380 732 475 796 coede
498 737 636 818 cognatu
657 734 805 817 inquines

53 819 169 886 Medea
192 821 294 906 cogit:
316 821 470 885 innocens
493 842 619 885 meeum
640 822 726 908 fuge.

54 926 120 974 155.
142 908 190 974 nt
212 910 285 993 quis
307 911 448 993 resistet,
471 912 600 996 gemina
621 911 649 973 si
672 911 757 976 bella
779 911 944 996 ingruent,
1016 928 1068 976 525

56 996 138 1062 Oreo
162 1002 260 1082 utque
278 997 417 1063 Acastus
440 1021 528 1063 erma
551 1000 579 1063 si
601 1000 737 1085 iungant
760 999 839 1063 suc?

54 1104 141 1151 5555.
164 1086 228 1151 Η15
251 1087 341 1151 edice
365 1085 516 1171 Colchos,
540 1089 628 1152 edice
652 1092 684 1153 et
701 1087 824 1152 Aeeten
846 1088 973 1171 ducem,

55 1174 195 1259 Scythes
218 1174 364 1262 Pelasgis
387 1177 497 1263 iunge:
521 1177 682 1242 demersos
706 1178 798 1241 dabo.

54 1282 119 1329 IAS.
142 1263 222 1329 Alte
245 1266 418 1330 extimesco
442 1270 575 1349 sceptra.
621 1284 705 1329 nnn.
728 1264 778 1331 Ne
802 1267 912 1349 cupias
936 1266 1016 1331 vide.

53 1370 119 1418 us,
143 1352 303 1436 Suspecta
323 1376 364 1419 ne
387 1355 466 1438 sint,
488 1356 585 1441 longa
608 1356 770 1439 colloquia
792 1359 933 1438 amputa.
1016 1371 1067 1419 535

54 1460 141 1506 omn.
163 1441 261 1508 Nunc
283 1438 408 1508 summe
430 1447 500 1508 toto
523 1442 667 1527 Iuppiter
690 1445 778 1508 ceelo
801 1448 891 1528 tone,

54 1532 187 1596 intende
209 1531 368 1623 dextrum,
390 1532 533 1599 vindices
556 1533 700 1597 flammas
724 1554 801 1616 pere

55 1642 250 1704 omnemque
272 1620 377 1704 ruptis
399 1621 540 1685 nubibus
563 1622 718 1686 mundum
743 1626 846 1705 quate.

54 1731 116 1774 nec
139 1709 294 1795 deligenti
316 1711 382 1774 telo
402 1709 560 1774 librentur
582 1733 679 1774 manu

54 1800 108 1863 vel
129 1820 183 1861 me
205 1794 390 1863 vel'istum:
415 1800 560 1883 quisquis
584 1822 601 1863 e
623 1799 717 1864 nobis
742 1799 833 1864 cedet
1016 1815 1067 1863 535

55 1908 178 1952 nocens
200 1886 334 1970 peribit,
355 1909 423 1952 non
444 1892 552 1972 potest
574 1889 608 1952 in
630 1910 690 1952 nos
712 1893 804 1953 tuum

55 1998 160 2040 errare
183 1976 316 2041 fulmen
361 1993 426 2041 ms.
450 1975 535 2041 Sene
557 1977 705 2041 meditari
728 1978 833 2060 incipe

56 2069 88 2129 55
110 2064 239 2149 placide
260 2065 336 2130 fere.
381 2066 410 2129 si
432 2065 519 2149 quod
541 2088 581 2130 ex
604 2067 705 2130 soceri
729 2066 824 2130 domo
851 2066 854 2071 ’

55 2156 166 2237 potest
187 2153 299 2239 fugem
321 2155 428 2218 levare
451 2153 607 2238 solamen,
630 2159 711 2238 pete,

55 2260 140 2306 1551).
160 2236 372 2307 Contemnere
394 2244 521 2307 unimus
543 2245 662 2329 regias,
685 2248 723 2308 55
746 2244 822 2327 scis,
846 2264 922 2326 opes
1016 2259 1068 2308 545

54 2335 165 2415 potest
187 2333 346 2416 soletque3
367 2332 486 2397 liberos
508 2337 635 2397 tentum
657 2333 754 2418 fugae

53 2419 175 2485 hebere
198 2421 331 2485 comites
353 2421 505 2485 11555515
529 2443 665 2505 quorum
689 2422 761 2486 sinu

54 2510 206 2573 lacrimas
229 2509 430 2593 profundam.
475 2514 507 2575 te
530 2512 607 2575 novi
629 2511 697 2574 neti
720 2515 859 2574 manent.

54 2615 119 2663 155.
142 2596 260 2662 Parere
282 2599 431 2682 precibus
453 2620 569 2683 cupere
591 2621 643 2663 me
665 2600 768 2663 fateor
791 2600 869 2683 tuis3

54 2688 161 2771 pietas
184 2691 285 2752 vetut:
307 2709 446 2771 nemque
469 2688 556 2752 istud
578 2692 615 2752 55
637 2689 758 2771 possim
782 2689 863 2771 poti,
1016 2702 1067 2750 545

55 2797 123 2840 555
145 2776 217 2858 ipse
239 2780 358 2841 memet
380 2781 475 2862 coget
497 2781 530 2841 et
551 2800 608 2841 rex
631 2781 663 2841 et
686 2798 783 2841 socer.

53 2862 135 2929 haec
158 2884 256 2929 55555
277 2866 362 2929 vitae
383 2869 446 2948 est,
468 2865 531 2929 hoc
554 2867 676 2949 perusti
699 2865 837 2949 pectoris

55 2954 142 3019 curis
165 2953 319 3019 levamen.
366 2955 481 3038 spiritu
505 2955 600 3021 citius
624 2976 738 3039 queem

55 3064 178 3125 carere,
200 3043 367 3127 membris,
388 3045 466 3108 luce.
512 3061 595 3107 551).
620 3043 673 3108 Sic
695 3048 789 3107 55555
813 3042 920 3106 emet?

125 3238 182 3289 555
203 3232 279 3289 intre
301 3240 324 3289 A
355 3238 366 3305 ΙΙ
396 3240 445 3289 551
471 3256 534 3290 nnn.
560 3252 617 3291 555
644 3238 692 3291 hoc
719 3239 776 3290 1555
802 3237 849 3290 sed
876 3242 939 3290 5555
965 3253 988 3290 5.
1014 3239 1069 3291 522

54 3304 135 3361 sate
151 3308 177 3359 A
202 3308 213 3375 ΙΙ
239 3310 293 3361 m
309 3306 375 3361 nolo
397 3309 431 3361 ut
448 3312 472 3361 A
498 3311 507 3377 ΙΙ
535 3308 758 3378 525155555555
780 3314 801 3359 Ε
828 3311 838 3376 11
866 3312 916 3360 555
937 3308 1068 3360 5555555

55 3378 148 3431 ostem
167 3381 190 3430 A
207 3392 276 3433 corr,
295 3380 406 3447 5511554
425 3377 555 3449 diligenti
574 3397 601 3433 ω
626 3396 694 3434 corr.
714 3379 801 3432 Bothe
819 3396 852 3432 555
870 3379 1042 3432 recensione
1062 3378 1066 3449 1

55 3449 352 3519 555551155515
369 3465 414 3503 mo
432 3449 639 3519 5511511558
659 3450 682 3504 51
701 3450 768 3518 quid
788 3454 811 3500 A
824 3453 833 3519 ΙΙ
848 3454 898 3501 545
917 3448 995 3501 istud
1012 3466 1068 3502 non

54 3536 171 3645 Ψ
189 3518 277 3591 (hflud
294 3538 321 3590 p.
336 3523 376 3591 ψ)
394 3523 505 3590 511545
523 3539 579 3575 555
598 3522 622 3574 51
641 3522 701 3590 ipso
719 3527 742 3573 A
760 3523 769 3590 11
789 3526 840 3573 549
860 3520 984 3590 signatos
1003 3526 1024 3571 Ε
1044 3520 1068 3571 51

85 3592 204 3647 custos
222 3594 245 3643 A

1096 3689 1132 3764 Ι
