2394 3990
483 227 670 282 THYESTES
1018 225 1084 292 303

62 377 221 460 praebere
242 396 349 440 rames
372 373 469 439 arbor
490 377 547 437 aut
568 373 654 437 ferre
677 372 755 456 ccli,

64 464 123 530 sed
145 469 240 530 taxus
263 468 296 529 et
319 483 488 547 cupressus
511 465 544 526 et
565 463 659 547 nigra
681 460 754 525 ilice

64 554 204 619 obscura
225 555 320 617 nutat
343 552 438 634 silva,
460 571 558 634 quam
581 572 679 633 supra
701 550 844 615 eminens

64 643 231 726 despectat
253 641 317 705 alte
341 660 476 724 quercus
499 643 533 704 et
554 640 656 703 vincit
678 659 800 703 nemus.

63 731 142 794 hine
164 730 324 814 auspicari
345 750 445 815 regua
468 727 655 792 Tantalidae
678 728 796 810 solent,

63 819 143 883 hinc
165 822 274 903 petere
296 818 389 883 lassis
412 817 508 882 rebus
531 837 569 880 ac
591 816 697 881 dubiis
722 836 824 899 opem.

65 908 165 972 affixa
187 906 355 971 inhaerent
378 906 476 971 dena:
498 905 625 970 uocales
648 905 745 969 tubae

63 998 233 1080 victaeque
255 996 345 1060 falsis
368 994 483 1059 axibus
505 995 648 1078 pendent
668 997 759 1058 rotae

62 1085 222 1168 fractique
246 1104 371 1168 currus,
396 1084 500 1167 spolia
521 1082 643 1166 Myrtoi
664 1083 762 1146 maris

63 1177 97 1238 et
121 1194 216 1237 omne
239 1174 344 1259 gentis
366 1173 504 1256 facinus3
526 1171 590 1236 hoc
612 1170 773 1256 Phrygius
795 1170 868 1236 lece

62 1261 148 1326 fixus
171 1263 269 1327 tiaras
291 1260 436 1346 Pelopis,
457 1261 512 1325 hic
534 1260 652 1344 praeda
673 1258 817 1324 hostium

63 1354 97 1415 et
120 1350 159 1414 de
181 1350 348 1434 triumpho
370 1351 459 1434 picta
481 1348 648 1413 barbarice
671 1347 824 1433 chlamys.

62 1440 138 1504 fons
162 1443 226 1504 stat
248 1439 309 1503 sub
332 1438 447 1503 umbra
469 1439 572 1502 tristis
594 1442 627 1502 et
649 1438 742 1523 nigra
764 1439 857 1522 piger

62 1527 175 1591 haeret
196 1527 327 1612 palude:
350 1528 424 1592 talis
448 1531 498 1592 est
519 1527 607 1590 dirae
630 1524 739 1611 Stygis
832 1548 838 1559 ³
949 1524 952 1531 ’

63 1616 219 1680 deformis
242 1616 328 1680 unda
351 1637 433 1700 quae
455 1615 535 1679 facit
549 1616 646 1680 caelo
668 1616 774 1679 fidem.

61 1704 141 1768 hinc
162 1707 258 1769 nocte
280 1725 373 1769 caeca
396 1725 524 1789 gemere
546 1703 655 1767 feralis
679 1703 755 1766 deos

61 1794 150 1857 fama
173 1796 236 1876 est,
259 1794 380 1858 catenis
403 1795 497 1858 lucus
520 1793 662 1857 excussis
686 1794 781 1856 sonat

60 1882 253 1964 ululantque
275 1903 394 1946 manes.
440 1880 594 1965 quicquid
616 1881 726 1944 audire
749 1883 799 1945 est
820 1884 925 1945 metus

61 1971 130 2034 illie
154 1970 293 2035 videtur:
316 1973 401 2035 errat
423 1969 565 2054 antiquis
588 1973 681 2034 vetus

61 2059 180 2124 emissa
203 2059 306 2124 bustis
330 2059 425 2124 turba
448 2062 481 2123 et
503 2058 661 2123 insultant
683 2057 755 2122 leco

61 2149 186 2212 maiora
207 2148 295 2212 notis
318 2150 476 2233 monstra;
499 2148 578 2232 quin
600 2151 686 2211 tecta
708 2147 791 2211 solet
869 2172 875 2181 ⁸

60 2236 181 2301 micare
204 2238 285 2300 silva
307 2236 451 2319 flamma,
473 2240 506 2301 et
528 2236 671 2301 excelsae
693 2235 800 2300 uates

60 2326 174 2389 ardent
197 2325 265 2389 sine
288 2325 372 2411 igne.
418 2346 513 2409 saepe
534 2326 654 2389 latratu
676 2345 789 2388 nemus

59 2414 147 2477 trine
170 2414 324 2500 remugit,
347 2435 441 2498 saepe
464 2413 644 2478 simulacris
667 2414 781 2477 domus

59 2501 200 2567 attonita
222 2502 356 2587 magnis.
402 2522 461 2567 nec
484 2502 551 2567 dies
574 2500 664 2565 sedat
685 2504 821 2564 metum:

59 2591 281 2675 norpropria
302 2592 377 2655 luco
401 2595 450 2655 est
472 2595 505 2656 et
527 2589 713 2674 superstitio
736 2588 874 2653 inferum

58 2679 94 2742 in
117 2680 189 2743 luce
212 2679 317 2744 media
339 2683 462 2765 regnat.
507 2678 584 2743 hinc
606 2677 773 2742 orantibus

58 2788 214 2851 responsa
236 2769 354 2833 dantur
376 2772 476 2851 certa,
498 2788 572 2832 cum
595 2766 719 2852 ingenti
743 2787 823 2830 sene

57 2858 211 2921 laxantur
233 2856 330 2940 adyto
353 2855 421 2921 fata
443 2860 477 2920 et
498 2856 639 2941 inmugit
661 2875 774 2938 specus

58 2964 173 3009 vocem
196 2945 256 3009 deo
280 2946 432 3010 solvente.
479 2966 544 3028 quo
567 2947 739 3027 postquam
762 2943 872 3009 furens

111 3158 183 3209 ,666
203 3152 434 3223 supreminensE
457 3156 467 3224 ss
494 3159 546 3207 666
564 3152 653 3222 lapsis
671 3154 765 3223 16166
784 3150 878 3206 dubiis
896 3156 920 3204 Δ
946 3153 955 3221 ΙΙ
983 3158 1036 3206 666
1054 3159 1081 3208 ct

59 3230 110 3279 ear
133 3225 208 3280 sedes
225 3231 332 3280 maure
349 3225 432 3281 66166
449 3225 492 3278 Μ.
508 3225 612 3279 Maca
630 3225 681 3277 Pa.
697 3225 884 3293 1666911661
906 3222 1039 3293 uitaeque
1057 3231 1080 3277 11

56 3297 226 3364 vinctasque
244 3296 361 3366 Bentley
383 3297 536 3364 vectesque
555 3296 643 3350 Bothe
662 3296 671 3363 ΙΙ
692 3300 744 3348 666
767 3294 866 3365 pelops
884 3300 906 3347 Ε
928 3297 938 3364 ΙΙ
960 3295 1079 3349 6661116

56 3369 143 3421 noete
165 3368 228 3421 tota
254 3369 276 3418 Δ
301 3370 305 3437 Ι
330 3366 431 3423 ferales
454 3371 477 3419 A
504 3369 513 3435 '1
541 3372 594 3420 676
621 3365 714 3420 audiri
741 3365 778 3420 N.
799 3365 935 3421 Heinsius
957 3371 1041 3436 1241
1069 3368 1079 3435 ΙΙ

56 3443 121 3492 676·
139 3437 202 3491 ioco
229 3442 251 3490 Ξ
278 3441 288 3507 ΙΙ
315 3443 367 3492 676
399 3438 461 3493 tota
488 3455 516 3493 ω
548 3453 618 3493 ectr.
642 3437 755 3492 Richter
781 3439 864 3507 symb.
885 3453 915 3505 p.
935 3441 972 3491 38
1005 3438 1079 3506 (tuta

54 3507 249 3634 ffiHeiusc’us
262 3525 292 3578 p.
307 3512 351 3579 41,
374 3509 482 3576 subita,
500 3509 588 3575 tetra,
607 3508 680 3562 falsa
699 3509 825 3579 Bentley)
853 3511 863 3577 ΙΙ
890 3514 942 3562 674
964 3508 1079 3562 flamma

72 3580 79 3592 ‘
94 3594 131 3632 va
148 3584 173 3634 A
