2376 3984
135 213 176 278 12
454 213 483 266 L.
499 211 641 265 ANNAEI
660 211 824 265 SENECAE

200 357 284 434 Quid
307 358 369 422 ista
391 357 548 440 prosunt?
582 357 658 421 orbe
685 357 815 420 defenso
838 360 933 420 caret.

134 469 259 512 sensere
281 451 384 510 terrae
407 446 496 529 pacis
520 450 683 509 auctorem
707 466 782 509 suae

133 538 245 600 abesse
267 537 390 600 tristes:
412 556 603 618 prosperum>
625 554 662 597 ac
684 534 764 597 felix
787 535 891 598 scelus

132 626 235 688 virtus
257 628 403 705 vocatum
427 624 574 687 sontibus
596 626 711 705 parent
734 623 826 704 boni,

134 715 184 777 ius
208 717 256 777 est
280 713 314 777 in
338 712 444 793 armis,
467 713 622 795 opprimit
644 712 769 796 legest
755 711 859 774 tenor

134 806 208 866 ante
232 824 288 865 ora
311 801 378 864 vidi
400 804 474 863 nost
475 822 511 863 ra
460 800 716 864 ttruculenta
739 820 835 862 manu

135 894 251 976 gnatos
275 893 331 973 pat
333 890 402 953 erni
425 888 535 953 cadere
558 888 651 973 regni
672 888 814 951 vindices

134 981 318 1063 ipsumque,
342 975 455 1042 Cadmi
478 977 597 1040 nobilis
621 977 753 1060 stirpem
776 976 835 1040 ult
812 981 938 1058 timam,

136 1067 293 1150 occidere,
315 1066 383 1131 vidi
405 1066 530 1151 regium
554 1066 669 1166 capitis
693 1065 788 1129 decus

137 1178 210 1221 curn
234 1156 338 1240 capite
360 1159 497 1238 raptum.
545 1155 617 1236 quis
641 1154 718 1217 satis
741 1152 868 1217 Thebas
891 1153 988 1217 fleat?

135 1246 226 1309 ferax
249 1244 381 1308 deorum
404 1248 502 1325 terra,
526 1264 621 1325 quem
645 1242 811 1306 dominum
834 1242 971 1306 tremis?

136 1357 153 1398 e
177 1335 267 1397 cuius
291 1334 375 1397 arvis
399 1355 479 1415 eque
501 1331 639 1395 fecundo
663 1332 735 1395 sinu
958 1348 960 1352 ⁴

135 1423 247 1486 stricto
271 1422 419 1485 iuventus
443 1424 514 1484 orta
537 1441 610 1484 cum
633 1421 717 1484 ferro
742 1420 832 1483 stetit

136 1511 291 1593 cuiusque
314 1532 422 1573 muros
445 1513 540 1572 natus
563 1506 730 1592 Amphion
751 1506 829 1572 love

136 1599 254 1663 struxit
277 1619 394 1663 canoro
419 1620 495 1661 saxa
518 1597 685 1661 modulatu
708 1596 852 1678 trahens,

136 1689 171 1750 in
194 1688 285 1750 cuius
307 1686 419 1750 urbem
442 1708 509 1749 non
531 1686 629 1749 semel
653 1686 762 1749 divum
785 1706 901 1769 parens

137 1777 225 1841 caelo
248 1775 360 1838 relicto
384 1775 486 1858 venit,
508 1773 587 1838 haec
611 1796 692 1857 quae
715 1775 844 1838 caelites

137 1864 257 1947 recepit
280 1867 416 1946 atquae
440 1864 516 1927 fecit
539 1867 571 1926 et
595 1860 657 1948 (fas
682 1863 724 1926 sit
746 1860 851 1948 loqui)

137 1953 274 2016 fortasse
297 1951 409 2034 faciet,
433 1951 560 2014 sordido
584 1952 742 2034 premitur
765 1952 850 2036 iugo.

137 2038 277 2104 Cadmea
299 2039 405 2123 proles
428 2043 525 2122 atque
548 2037 745 2123 Ophionium
769 2060 884 2124 genus,

138 2151 202 2212 quo
225 2128 425 2193 rescidistis?
448 2127 587 2191 tremitis
609 2129 764 2212 ignavum
788 2129 927 2212 exulem,

138 2217 204 2281 suis
227 2220 388 2281 carentem
409 2217 542 2299 finibus,
565 2217 683 2280 nostris
707 2237 844 2302 gravem.

139 2306 196 2389 qui
219 2307 339 2369 scelera
361 2308 447 2368 terra
470 2305 589 2389 quique
611 2305 816 2388 persequitur
838 2304 919 2368 mari

138 2415 175 2458 ac
199 2415 293 2458 saeva
315 2393 400 2456 iusta
424 2397 550 2477 sceptra
573 2394 749 2479 confringit
773 2415 869 2457 manu

138 2504 224 2546 nunc
247 2481 345 2546 servit
368 2481 482 2546 absens
506 2484 631 2565 fertque
654 2505 735 2565 quae
758 2482 829 2545 fieri
852 2486 953 2565 vetat,

138 2575 292 2654 tenetque
314 2569 441 2634 Thebas
465 2572 540 2634 exul
562 2570 737 2636 Herculeas
761 2570 876 2654 Lycus.

138 2660 194 2724 sed
216 2681 282 2723 non
304 2660 436 2723 tenebit.
484 2659 586 2722 aderit
610 2664 642 2723 et
665 2680 785 2743 poenas
808 2662 896 2741 petet
1100 2671 1152 2721 225

138 2749 327 2832 subitusque
351 2749 391 2813 ad
414 2752 499 2813 astra
523 2752 677 2833 emerget3
700 2747 842 2812 inueniet
863 2747 952 2811 uiam

209 2928 258 2975 261
276 2922 374 2976 abesse
392 2921 474 2976 terris
492 2927 542 2974 ΕΔ
569 2938 637 2976 corr
653 2922 753 2989 Peipcr
771 2921 885 2989 (Thebis
908 2919 1024 2988 Withof,
1044 2919 1151 2974 abesse

137 3010 231 3046 rursus
250 2994 283 3047 de
306 2995 487 3047 Wilamowitr
462 2996 529 3062 inu
552 2998 604 3046 257
625 2992 712 3062 capiti
730 2998 752 3044 Ε
770 2996 794 3061 (s
813 2992 878 3046 add
897 3009 931 3045 m
947 2994 976 3062 2)
999 2992 1009 3060 ΙΙ
1032 2995 1085 3043 222
1104 2989 1154 3059 qui

138 3063 243 3117 satist
258 3064 364 3132 Ribb)
379 3066 455 3132 11259
473 3063 570 3117 tremit
588 3064 653 3116 ΔΕ8
672 3068 717 3132 (ec
731 3062 829 3117 tremis
848 3063 958 3128 ataid„
975 3062 1155 3144 tremetm

137 3140 191 3187 262
209 3137 293 3187 natus
316 3136 394 3203 (us'
383 3152 401 3188 i.
420 3136 486 3202 ras.)
505 3133 541 3187 2¹
567 3136 576 3203 tl
603 3140 656 3187 262
678 3136 763 3200 atque
787 3132 938 3202 ophionius
962 3131 1105 3202 (ophionis
1125 3143 1153 3197 ψ

138 3205 297 3287 amphionis
325 3207 354 3273 τ)
387 3204 457 3257 cinis
480 3210 530 3257 ΕΔ
557 3222 625 3260 corr.
650 3206 687 3258 N.
705 3205 841 3258 Heinsius
869 3205 929 3259 ado.
958 3220 987 3272 p
1011 3206 1069 3257 216
1096 3203 1156 3285 (qui

138 3277 250 3343 scripsit
262 3274 430 3328 Echionium
444 3277 543 3344 genus)
562 3277 597 3341 cf.
618 3277 675 3330 Leo
694 3277 714 3329 I
731 3278 785 3329 112
804 3275 970 3377 (civitasque
986 3272 1155 3343 Amphionis

138 3348 238 3414 Peiper
256 3363 317 3401 oum
336 3347 373 3400 D
390 3346 517 3414 Heinsio)
545 3348 554 3415 ΙΙ
581 3351 635 3400 262
658 3363 713 3413 quo
736 3345 877 3399 recidistis
900 3344 963 3397 w
988 3360 1060 3414 quor
1082 3344 1155 3398 exci-

139 3416 221 3471 distis
239 3418 279 3470 3¹
301 3417 339 3469 r²
364 3421 387 3486 (r
409 3419 441 3470 iii
463 3424 559 3471 neutro
586 3419 697 3487 cerium)
726 3433 859 3484 quorsum
881 3415 1027 3470 excidistis
1045 3421 1156 3556 1)quo

25 3526 28 3533 -
139 3487 228 3542 decid
252 3500 281 3553 ψ
309 3487 353 3557 (cf.
379 3489 395 3542 l.
419 3489 455 3556 v.)
488 3491 491 3555 Ι
524 3488 704 3556 ignarumz
734 3493 746 3612 i
776 3493 826 3540 au
848 3487 921 3541 mari
948 3487 973 3556 (i
1001 3504 1034 3541 ec
1060 3502 1076 3541 e
1076 3486 1158 3558 )ΙΙΙ

139 3565 193 3612 272
213 3559 353 3628 confregit
370 3562 416 3628 ΔΙΙ
430 3564 482 3612 aia
502 3559 611 3630 absens
631 3563 656 3628 (c
675 3561 746 3614 neit
765 3561 845 3628 eros.)
863 3557 988 3629 sitem
1007 3570 1036 3624 ψ
