2394 3990
490 213 696 268 PRAEFATIO
1036 216 1101 270 xm

85 369 120 426 61
142 365 274 424 Vediani
302 365 443 423 lectiones
471 365 616 423 conflatae
644 367 727 440 sunt,
755 367 789 423 ut
816 366 918 424 multis
941 367 1026 440 locis,
1050 366 1102 424 ubi

84 456 181 515 ceteri
203 453 272 513 libri
291 471 309 511 a
334 453 531 528 adiscedunt
549 455 581 512 in
600 453 689 512 dubio
713 455 753 513 sit
770 454 1005 531 relinquendum,
1024 457 1101 515 sitne

85 543 253 604 communis
272 561 375 601 eorum
392 544 480 601 lectio
500 542 537 600 ab
557 543 718 619 archetypo
735 543 905 618 repetenda,
920 563 958 602 an
976 544 1101 604 alteram

87 633 128 693 ab
148 632 243 692 altera
260 632 378 690 fluxisse
397 631 597 691 statuendum.
624 630 689 691 Hoc
707 634 808 692 tamen
826 636 947 707 66111111,
961 633 1102 692 Trevethi

86 721 201 780 librum
227 720 311 779 nullo
335 722 399 779 loco
424 740 442 780 a
464 723 630 779 ceterorum
653 721 754 796 aliquo
778 721 918 797 pendere,
942 721 992 780 sed
1015 739 1101 781 suum

87 810 293 886 obproprium
313 811 414 868 tenere
432 810 537 868 locum.
573 809 678 884 Neque
700 828 801 870 rursus
824 810 903 870 R10
927 830 978 870 11
996 810 1102 870 deduci

85 901 205 975 potest,
234 916 359 973 quorum
386 916 543 958 consensus
572 897 610 956 ad
633 916 787 957 commune
815 900 997 975 archetypon
1023 900 1102 959 redit

86 1007 184 1064 eoque
211 988 279 1062 plus
311 987 405 1061 valet,
437 987 490 1045 nbi
522 988 613 1046 ceteri
644 986 733 1045 huius
766 987 876 1046 ordinis
908 988 978 1047 libri
1009 988 1101 1048 disce·

88 1077 174 1135 dunt.
214 1075 250 1134 In
272 1075 448 1154 Augustano
471 1074 529 1135 duo
553 1094 628 1151 quae
650 1074 782 1136 indicavi
804 1077 937 1153 germina
958 1078 991 1136 in
1009 1097 1101 1136 unum

87 1166 178 1242 quasi
201 1164 374 1224 confluxisse
396 1165 543 1224 videntur.
580 1163 732 1223 Librarius
756 1165 869 1225 seilicet
886 1166 1101 1241 exemplaribus

87 1273 124 1314 ex
148 1255 274 1328 utroque
297 1254 381 1312 fonte
403 1255 482 1312 natis
505 1255 550 1312 ita
572 1271 643 1312 usus
666 1254 725 1327 est,
747 1255 782 1312 ut
804 1253 890 1312 modo
912 1255 992 1313 hunc
1014 1255 1102 1315 modo

85 1343 177 1401 illum
201 1346 375 1418 sequeretur
398 1345 429 1401 et
452 1362 528 1418 quae
550 1341 747 1418 descripserat
768 1342 892 1418 posthac
915 1361 983 1401 cum
1006 1343 1101 1402 altero

85 1431 166 1490 libro
195 1432 341 1490 conferret
368 1451 404 1490 ex
433 1449 526 1506 eoque
556 1431 724 1509 corrigeret.
772 1431 883 1490 Similis
913 1434 959 1491 est
986 1432 1101 1491 indoles

87 1519 234 1594 Vedium,
266 1520 337 1578 libri
368 1522 469 1578 tamen
502 1522 532 1579 et
558 1520 763 1597 neglegentius
794 1521 898 1597 scripti
926 1524 957 1580 et
987 1522 1039 1597 qui
1067 1541 1102 1580 ex

86 1608 258 1668 iunioribus
281 1609 413 1668 fontibus
436 1626 496 1667 non
517 1627 613 1684 pauca
636 1609 806 1684 desumpsit.

156 1697 212 1757 His
240 1699 325 1757 novis
355 1697 494 1757 subsidiis
523 1697 772 1773 quemadmodum
800 1697 838 1756 ad
866 1698 1102 1757 constituendam

85 1786 288 1862 interpolatae
322 1788 499 1846 recensionis
532 1786 691 1845 lectionem
723 1778 779 1867 (A)
812 1804 882 1846 usus
914 1789 986 1860 sim,
1022 1805 1100 1845 nunc

86 1875 251 1952 explicabo.

158 1963 198 2022 111
226 1964 366 2039 quoniam
393 1964 449 2022 1166
480 1963 600 2040 quidem
628 1965 758 2038 constat,
785 1965 980 2023 vetustiorem
1011 1966 1101 2024 huius

86 2053 269 2112 recensionis
296 2053 423 2111 formam
449 2071 510 2111 non
536 2070 623 2128 posse
650 2053 778 2112 inveniri
805 2071 841 2112 ea
871 2072 947 2128 quae
970 2053 1102 2112 omnium

86 2143 206 2220 generis
225 2159 315 2217 supra
333 2141 474 2216 descripti
490 2140 635 2200 librorum
654 2159 798 2201 consensu
816 2144 970 2218 appareat,
988 2141 1100 2202 talibus

84 2230 273 2306 lectionibus,
296 2229 348 2287 ubi
371 2230 407 2288 ab
427 2229 452 2287 Ε
475 2228 624 2304 differunt,
644 2232 762 2307 signum
780 2230 809 2289 A
826 2233 905 2290 recte
929 2230 1098 2306 apponitur

87 2317 279 2395 Quamquam
306 2339 342 2378 ne
369 2319 458 2378 lectio
486 2319 606 2394 quidem
632 2319 767 2378 unanimi
789 2319 933 2379 librorum
955 2332 1101 2379 consensu

87 2407 203 2467 tradita
222 2408 302 2466 omui
319 2407 425 2466 mendo
443 2409 512 2483 post
528 2408 637 2467 veteris
655 2409 877 2484 interpolatoris
896 2427 1018 2485 operam
1032 2427 1100 2468 con-

87 2497 187 2555 tracto
215 2499 315 2570 vacat,
337 2500 373 2555 ut
400 2497 582 2573 archetypon
609 2496 718 2556 nostris
745 2497 829 2556 libris
853 2497 1019 2557 subiectum
1042 2516 1102 2557 non

88 2586 174 2644 illius
197 2586 346 2661 exemplar
367 2586 475 2661 ipsum,
494 2585 545 2644 sed
564 2585 685 2661 aliquod
704 2586 740 2644 ab
761 2587 816 2645 hoo
835 2588 1002 2662 antiquitus
1026 2586 1101 2645 deri-

89 2676 196 2734 vatum
218 2674 309 2733 fuisse
328 2674 518 2734 statuendum
536 2675 583 2734 sit.
615 2672 712 2743 Quare
732 2674 835 2734 littera
853 2675 881 2732 A
898 2676 987 2735 lectio
1010 2675 1102 2751 signi-

88 2763 198 2822 ficatur
215 2763 358 2822 librorum
377 2782 520 2823 consensu
538 2763 650 2823 tradita
669 2765 717 2824 vel
734 2764 852 2842 integra
869 2765 918 2823 vel
937 2762 1101 2837 antiquitus

89 2855 239 2927 corrupta.
285 2852 332 2910 Ab
355 2872 390 2911 ea
413 2852 609 2928 separandam
635 2853 708 2911 duxi
734 2852 891 2911 lectionem
919 2851 1102 2911 saeculorum

89 2942 217 3000 decursu
236 2960 254 3000 1
270 2942 398 3017 pristina
420 2942 517 3000 forma
539 2942 607 3017 plus
630 2942 765 3001 minusve
788 2941 991 3017 depravatam,
1014 2942 1102 3001 seda

89 3029 277 3089 noviciorum
304 3030 507 3090 conaminibus
534 3032 693 3106 intactam,
720 3030 818 3106 qualis
848 3033 973 3108 apparet
999 3031 1032 3089 in
1060 3031 1101 3090 eis

89 3118 185 3194 libris,
200 3119 253 3194 qui
272 3118 309 3176 ad
321 3121 406 3178 vetus
420 3120 496 3178 illud
514 3121 696 3196 archetypon
713 3119 824 3178 Italum
841 3120 975 3195 redeunt,
994 3139 1009 3178 e
1028 3138 1101 3195 quo·

88 3227 159 3266 rum
181 3226 302 3266 numero
326 3208 395 3266 libri
418 3226 508 3284 supra
530 3208 671 3284 descripti
692 3209 848 3285 tamquam
869 3210 962 3269 totius
985 3210 1101 3285 generis

89 3296 254 3373 specimina
272 3298 382 3355 extant.
418 3297 529 3357 Eorum
547 3297 635 3357 lectio
654 3296 706 3355 ubi
724 3316 792 3356 cum
809 3298 893 3357 libris
912 3317 930 3357 a
948 3297 980 3356 F.
995 3296 1101 3356 1116111

89 3384 234 3444 adhibitis
263 3387 423 3459 consentit,
451 3386 552 3445 littera
577 3385 605 3443 A
627 3389 706 3445 recte
733 3388 882 3464 signatur,
913 3386 965 3444 ubi
995 3386 1031 3445 ab
1060 3388 1101 3444 cis

89 3474 227 3549 discedit,
248 3493 302 3550 pro
328 3476 489 3534 vetustiore
515 3474 652 3533 habenda
675 3477 727 3535 est,
769 3475 846 3536 Elam
868 3475 909 3532 Ατ
929 3475 1039 3534 litteris
1063 3476 1101 3534 si·

89 3563 243 3642 gnandam
271 3563 341 3621 duxi
369 3597 411 3605 —
440 3586 454 3622 1
481 3565 596 3624 uncinis
618 3564 734 3625 inclusa
757 3556 860 3644 [A(‘)],
883 3563 995 3622 ubido
1017 3566 1111 3622 textu
