2376 3984
86 224 126 286 16
406 221 436 273 L.
451 218 592 272 ANNAEI
611 214 774 272 SENECAE

83 367 244 450 squalebit
268 366 366 447 arvis,
389 363 517 428 subdite
539 364 633 427 tectis
656 363 725 428 face

84 458 167 520 altus
192 456 333 539 sepultas
358 454 472 517 obruet
495 457 606 538 gentes
630 453 718 516 cinis.

84 566 196 628 pacem
220 543 329 607 reduci
352 543 433 606 velle
456 543 572 605 victori
595 541 737 624 expedit,

83 635 169 698 victo
192 653 321 696 necesse
344 636 400 694 est.
447 630 606 714 particeps
629 651 729 714 regno
752 629 840 712 veni;

84 723 243 786 sociemur
265 720 394 801 animis,
416 720 534 803 pignus
557 719 620 782 hoc
642 719 717 782 fidei
740 738 833 801 cepe:
1046 733 1089 781 070

84 811 236 894 continge
260 809 412 872 dextram.
459 807 536 890 quid
558 806 642 870 truci
664 808 757 871 vultu
780 806 877 870 siles?

83 915 166 962 mue.
198 897 312 982 Egone
335 901 372 960 ut
395 897 536 979 parentis
560 896 715 981 sanguine
738 917 900 979 aspersum
924 916 1054 959 manum

82 988 282 1069 fratrumque
305 985 433 1070 gemina
456 985 551 1048 caede
574 984 781 1070 contingam?
805 985 894 1068 prius

84 1076 252 1160 extinguet
276 1078 380 1156 crtus,
404 1073 520 1137 referet
543 1094 673 1137 occasus
697 1073 795 1155 diem,

84 1185 148 1249 pax
172 1168 246 1227 ante
268 1164 332 1227 fida
355 1162 483 1225 nivibus
507 1165 539 1224 et
561 1161 700 1225 flammis
723 1162 784 1225 erit
1043 1172 1088 1224 070

85 1257 117 1316 et
141 1250 249 1335 Scylla
272 1249 416 1315 Siculum
440 1251 552 1334 iunget
571 1249 718 1314 Ausonio
741 1251 840 1331 latus,

84 1341 237 1426 priusque
260 1341 363 1403 multo
386 1338 511 1403 vicibus
535 1340 665 1403 alternis
687 1339 787 1424 fugax

85 1429 228 1512 Euripus
251 1429 337 1491 undu
360 1428 460 1490 stabit
482 1426 629 1492 Euboica
651 1429 752 1512 piger.

84 1521 209 1602 patrem
233 1517 407 1598 abendium,
430 1537 542 1600 regna,
566 1538 748 1601 genuimus,
771 1518 871 1580 larem

84 1606 225 1690 petrium
244 1642 287 1650 —-
307 1603 384 1688 quid
406 1606 492 1667 ultra
511 1606 581 1668 est?
604 1628 668 1668 una
685 1627 735 1668 res
755 1609 900 1688 superest
919 1605 1001 1669 mihi
1044 1618 1089 1668 000

84 1695 182 1758 fratre
206 1714 243 1756 ac
266 1697 396 1777 parente
421 1693 531 1776 carior,
555 1715 655 1778 regno
679 1714 716 1756 ac
738 1695 817 1757 lare:

84 1783 194 1847 odium
217 1783 279 1863 tui,
303 1781 390 1864 quod
413 1804 481 1845 esse
504 1803 577 1846 cum
601 1783 722 1865 populo
747 1781 827 1845 mihi

85 1892 254 1936 commune
278 1871 384 1934 doleo:
410 1892 484 1953 pars
509 1875 608 1953 quota
631 1892 670 1934 ex
693 1872 750 1934 illo
773 1893 845 1934 mes
868 1872 939 1935 est?

84 1960 248 2023 dominere
271 1959 428 2041 tumidus,
452 1960 583 2041 spiritus
607 1960 690 2023 altos
714 1981 800 2044 gere:

86 2049 232 2130 sequitur
254 2048 409 2131 superbos
432 2049 520 2111 ultor
542 2070 560 2111 a
583 2051 674 2133 tergo
699 2048 785 2111 deus.
1046 2060 1089 2112 000

86 2136 239 2199 Thebana
261 2137 338 2198 novi
360 2157 471 2220 regne:
496 2136 573 2218 quid
596 2140 713 2201 matres
736 2138 851 2220 loquer

85 2246 194 2307 passas
218 2226 250 2286 et
273 2246 365 2287 auses
389 2226 529 2288 scelera?
553 2225 631 2306 quid
653 2226 817 2310 geminum
840 2225 930 2289 nefus

86 2314 288 2395 mixtumque
311 2335 430 2376 nomen
453 2314 599 2397 coniugis
622 2314 691 2376 nati
713 2314 836 2397 patris?

87 2402 163 2484 quid
185 2400 262 2463 bine
284 2401 420 2464 fratrum
444 2403 570 2465 castra?
594 2402 671 2484 quid
694 2401 828 2465 totidem
851 2402 972 2486 rogos?

84 2490 169 2574 riget
192 2489 330 2572 superba
353 2489 497 2553 Tantalis
520 2492 609 2554 luctu
632 2512 748 2573 parens
1047 2505 1089 2555 000

85 2582 289 2661 maestusque
311 2576 454 2663 Phrygio
478 2583 587 2642 manat
609 2579 643 2642 in
667 2576 780 2663 Sipylo
803 2580 896 2662 lapis.

86 2668 165 2751 quin
188 2667 257 2749 ipse
280 2671 409 2730 torvum
433 2667 601 2751 subrigens
626 2667 722 2731 crista
744 2672 841 2751 caput

86 2754 216 2838 Illyrica
239 2753 377 2819 Cadmus
400 2777 499 2840 regna
521 2777 709 2838 permensus
731 2756 810 2841 fuge

85 2845 200 2928 longas
222 2844 355 2926 reliquit
378 2845 521 2928 corporis
545 2844 640 2908 uncti
662 2849 764 2908 notes.

85 2932 164 2995 haec
185 2935 218 2995 te
241 2936 372 2995 manent
394 2933 552 3016 exempla:
576 2933 740 2996 dominere
763 2936 800 2996 ut
821 2933 916 3014 libet,
1044 2946 1089 2996 395

86 3019 162 3083 dum
186 3019 282 3083 solite
303 3021 395 3105 regni
417 3021 484 3084 feta
506 3025 538 3083 tc
561 3022 665 3085 nostri
688 3025 804 3085 vocent

157 3215 208 3263 000
226 3209 335 3263 reduci:
355 3210 365 3263 i
384 3213 402 3263 i.
417 3229 471 3265 rus.
492 3215 509 3265 3
528 3214 578 3267 ltu.
597 3218 619 3264 Ε
646 3211 779 3266 reducere
797 3216 828 3265 Σ
850 3215 854 3280 Ι
887 3216 940 3265 070
959 3211 1089 3266 sociemur

84 3281 194 3335 animos
213 3279 277 3333 An*
308 3283 317 3349 ΙΙ
349 3286 399 3334 077
419 3283 553 3350 priusque
575 3283 605 3335 in
629 3282 687 3335 alto
710 3284 761 3351 (uel
784 3281 814 3335 in
835 3284 935 3350 atum)
954 3283 1073 3354 Bentley

87 3356 138 3404 000
157 3350 280 3420 putrium
298 3368 326 3405 ω
343 3369 412 3407 corr.
430 3354 564 3408 Bdcteler
584 3353 587 3424 t
608 3353 683 3406 ultra
700 3355 762 3422 (om.
778 3355 830 3422 est)
844 3358 881 3404 Δτ
899 3354 908 3421 ΙΙ
922 3357 974 3405 000
991 3370 1025 3407 ex
1044 3353 1089 3408 iste

86 3423 189 3490 (Trec..·
207 3439 242 3476 sc.
261 3424 302 3490 re)
320 3427 356 3474 Δτ
375 3439 408 3476 ex
426 3423 481 3477 istc
495 3423 565 3489 cpE'
583 3425 626 3493 (ex
643 3423 705 3493 illo)
724 3423 810 3478 exitio
825 3426 875 3489 ΣΠ
889 3428 941 3476 000
961 3425 1089 3494 superhcr

86 3492 177 3546 uictor
195 3497 244 3545 ΕΔ
261 3510 329 3548 corr.
344 3497 462 3563 7011300
480 3494 599 3562 superbo
621 3495 702 3550 Grote
725 3495 759 3560 cf.
776 3495 843 3550 Stat.
863 3495 945 3549 Theb.
958 3495 1011 3550 IV
1022 3499 1079 3551 570

84 3568 139 3617 200
158 3563 227 3630 quin
245 3581 279 3619 eu
297 3564 375 3631 quim
393 3564 429 3617 E¹
442 3567 452 3633 ss
466 3569 608 3618 ses-894
626 3567 676 3620 del.
692 3567 792 3634 Peiper
