2394 3990
465 230 494 282 L.
510 228 652 281 ANNAEI
672 226 835 282 SENECAE

276 376 380 459 qualis
405 377 452 437 est
475 375 567 438 vobis
591 374 730 458 animus,
752 378 877 438 remota
989 388 992 393 ’

276 466 347 528 luce
371 485 444 527 cum
467 468 608 527 maestus
632 463 694 527 sibi
718 463 854 546 quisque
877 464 977 528 sensit

277 553 427 616 obrutum
451 556 520 615 tota
543 556 640 634 caput
663 573 731 615 esse
754 552 861 615 terra?
1111 569 1161 618 860

277 645 341 704 stat
364 639 460 704 chaos
485 641 619 704 densum
642 641 855 723 tenebraeque
878 644 989 724 turpes

277 733 309 794 et
331 731 420 793 color
442 730 546 793 noctis
569 730 673 792 malus
697 750 734 793 ac
757 728 881 792 silentis

278 818 379 881 otium
403 817 515 881 mundi
539 839 720 900 vacuaeque
743 817 854 881 nubes.

345 905 503 971 Soranos
527 907 584 970 illo
607 907 725 970 referat
747 910 908 971 senectus:

276 1017 371 1059 nemo
396 994 436 1058 ad
459 995 492 1058 id
516 1017 586 1058 sero
610 996 711 1077 venit,
735 995 820 1058 unde
842 1016 1035 1078 numquam,
1111 1012 1160 1062 865

278 1106 352 1148 cum
376 1084 476 1147 semel
498 1083 599 1165 venit,
622 1084 730 1166 potuit
751 1084 882 1168 reverti3
996 1107 998 1111 ·

278 1174 356 1255 quid
378 1173 468 1236 iuvat
491 1173 606 1235 durum
630 1194 801 1255 properare
823 1173 949 1236 fatum?

278 1263 382 1325 omnis
405 1261 484 1325 haec
507 1261 633 1345 magnis
656 1283 738 1346 vaga
760 1262 855 1325 turba
878 1263 972 1325 terris

277 1351 338 1415 ibit
361 1350 401 1413 ad
424 1371 533 1413 manes
556 1350 716 1431 facietque
738 1350 834 1414 inerti

277 1440 348 1502 vela
372 1436 507 1522 Cocyto:
530 1439 591 1502 tibi
615 1439 728 1503 crescit
752 1461 860 1520 omne,
1109 1455 1158 1503 870

279 1531 311 1590 et
334 1527 421 1609 quod
445 1549 576 1592 occasus
599 1527 687 1591 videt
711 1531 743 1590 et
766 1527 852 1611 quod
876 1531 974 1591 ortus.
1186 1538 1189 1581 4

277 1637 371 1699 parce
394 1616 550 1680 venturis:
574 1616 647 1700 tibi,
671 1638 771 1699 mors,
794 1638 952 1699 paramur.

278 1706 322 1768 sis
344 1704 421 1769 licet
444 1705 564 1789 segnis,
587 1727 797 1788 properamus
820 1705 896 1788 ipsi:

277 1793 381 1877 prima
405 1793 608 1876 quaesitam
633 1793 720 1857 dedit
742 1793 834 1877 hora,
858 1794 970 1876 carpit.

446 1881 565 1946 Thebis
588 1884 673 1946 laeta
696 1883 763 1947 dies
787 1883 884 1946 adest.
1106 1896 1149 1946 875

381 1993 450 2034 aras
474 1972 596 2056 tangite
620 1972 796 2055 supplices,

382 2060 518 2144 pingues
543 2061 664 2124 caedite
687 2061 848 2144 victimam

380 2149 558 2232 permixtae
581 2149 722 2213 maribus
746 2171 846 2213 nurus

381 2238 552 2302 sollemnes
576 2237 699 2323 agitent
722 2237 850 2321 choros3

381 2330 505 2390 cessent
528 2327 673 2409 deposito
697 2327 774 2411 iugo

381 2416 449 2478 arvi
470 2415 585 2479 fertilis
610 2416 742 2479 incolae.

446 2502 515 2566 Pax
538 2507 586 2567 est
610 2501 769 2568 Herculea
790 2525 888 2567 manu

380 2590 539 2655 Auroram
562 2593 646 2677 intm
669 2597 701 2657 et
723 2592 917 2674 Hesperum,

381 2684 414 2744 et
437 2703 501 2764 qua
524 2682 573 2744 sol
596 2681 737 2745 medium
761 2685 872 2745 tenens

380 2770 511 2833 umbras
536 2770 723 2853 corporibus
747 2774 857 2856 negat3

383 2858 608 2941 quodcumque
632 2859 765 2922 alluitur
787 2861 892 2923 solum

380 2949 479 3032 longo
503 2946 644 3030 Tethyos
668 2947 805 3030 ambitu,

380 3033 513 3100 Alcidae
537 3036 662 3100 domuit
685 3036 783 3100 labor.

217 3229 268 3276 888
287 3224 407 3279 nobislt
431 3227 511 3280 nobis
530 3233 553 3279 A
575 3229 609 3294 cf.
631 3227 688 3282 Leo
710 3229 782 3282 133
803 3230 813 3297 Ι]
837 3234 889 3282 866
928 3227 1014 3282 sterit
1036 3227 1150 3296 Baetes,

147 3296 234 3350 Bothe
247 3296 256 3366 ll
275 3301 327 3349 870
347 3300 492 3350 erescetE
519 3301 528 3368 Η
556 3304 608 3351 874
627 3299 773 3368 carpsits
795 3298 805 3371 ll
833 3305 884 3353 878
906 3247 1012 3354 gnome
1030 3297 1150 3368 peceant

145 3368 253 3423 atel-r
275 3367 278 3438 y
299 3369 438 3422 coniuncti
459 3370 519 3424 bini
541 3387 634 3425 versas
652 3377 763 3438 praeter
776 3372 913 3440 primam,
937 3371 1152 3440 quiartesaeae

145 3440 264 3506 scriptas
281 3445 327 3504 est,
346 3445 371 3493 et
389 3439 443 3493 deo
461 3441 621 3496 novissimos
641 3444 839 3510 8111878-877
860 3442 952 3507 adfert
974 3443 1153 3504 Terentianae,

145 3510 181 3577 ef.
207 3510 297 3578 praef.
326 3526 385 3579 cap.
410 3511 447 3562 Π
470 3511 479 3577 ll
507 3516 558 3564 876
587 3528 664 3566 aram
695 3514 798 3569 Terent.
826 3514 836 3582 ΙΙ
863 3518 914 3565 878
942 3512 1081 3568 matribus
1107 3508 1153 3579 El

147 3585 199 3634 888
218 3579 343 3635 abluitur
361 3586 384 3632 A
