2394 3990
85 198 151 262 236
408 197 438 252 L.
453 195 596 251 ANNAEI
615 196 779 252 SENECAE

88 343 187 406 sudor
209 364 266 426 per
288 346 390 425 artus,
414 346 542 425 spumat
565 346 597 405 ot
619 340 721 405 volvit
743 341 847 406 minas

88 453 125 496 ac
147 452 270 495 mersus
294 430 357 496 alte
380 451 517 515 magnus
541 429 680 494 exundat
703 429 804 494 dolor.

89 541 196 583 secum
220 519 289 602 ipse
313 540 426 583 saevus
450 518 568 604 grande
591 518 699 582 nescio
723 517 801 602 quid
823 522 918 602 parat
1044 534 1086 585 999

88 608 218 690 suisque
240 608 316 671 fatis
340 607 453 670 simile.
499 606 589 690 ‘quid
611 628 730 689 poenas
754 607 895 671 moror?'

87 696 133 760 ait
156 696 231 760 ‘hoc
255 697 424 760 scelestum
447 697 560 778 pectus
582 697 638 759 aut
660 693 745 759 forro
768 698 872 779 petat,

87 787 144 848 aut
165 784 288 848 fervido
312 783 429 868 aliquis
452 785 527 868 igno
549 782 601 846 vel
624 803 702 847 saro
726 782 843 847 domet.

88 893 169 956 quac
191 873 286 957 tigris
309 876 365 935 aut
389 893 470 955 quae
493 893 587 936 saeva
608 870 785 935 visceribus
808 872 889 936 meis

87 961 228 1024 incurret
250 960 336 1025 ales?
359 961 428 1043 ipsc
451 964 487 1023 tu
510 959 666 1024 scelerum
690 981 805 1043 capax,
1046 977 1089 1026 999

88 1070 177 1113 sacer
199 1047 388 1132 Cithaeron,
410 1048 462 1112 vol
484 1048 567 1112 feras
590 1047 625 1110 in
648 1052 794 1112 metuas

89 1138 200 1201 emitte
223 1137 330 1221 silvis,
352 1137 446 1200 mitto
469 1137 520 1201 vel
542 1135 671 1200 rabidos
695 1157 788 1200 canes
806 1173 851 1183 -

87 1247 173 1289 nunc
195 1226 290 1290 redde
308 1224 452 1310 Agauen.
498 1226 617 1308 anime,
641 1224 719 1307 quid
741 1228 879 1288 modom
902 1225 1020 1291 times?

87 1335 175 1378 mors
198 1316 400 1379 innocentem
425 1312 493 1376 sola
515 1312 677 1377 Fortunae
699 1312 816 1396 eripit?

87 1402 167 1468 hacc
189 1403 275 1466 fatus
300 1406 389 1486 aptat
412 1402 546 1485 impiam
568 1402 684 1485 capulo
707 1423 838 1465 manum
1049 1417 1095 1466 999

89 1512 260 1574 ensemque
284 1490 381 1556 ducit.
428 1490 547 1554 ‘itane‘l
570 1493 637 1552 tam
660 1490 786 1574 magnis
809 1489 924 1555 breves

87 1600 207 1662 poenas
231 1579 404 1644 sceleribus
429 1578 527 1642 solvis
550 1581 647 1660 atquc
669 1599 734 1642 uno
758 1579 867 1643 omnia

88 1667 237 1750 pensabis
261 1668 349 1732 ictu?
372 1667 519 1731 moreris:
541 1666 604 1730 hoo
626 1667 712 1749 patri
735 1671 785 1730 sat
809 1671 871 1750 est3

89 1755 167 1838 quid
190 1756 302 1820 deinde
325 1756 434 1838 matri,
458 1755 536 1839 quid
559 1757 641 1818 male
664 1755 699 1818 in
721 1755 826 1818 lucem
849 1755 945 1820 editis

88 1845 209 1928 gnatis,
233 1843 312 1927 quid
333 1844 410 1927 ipsi,
434 1865 515 1927 quac
538 1846 630 1907 tuum
653 1864 770 1928 magna
791 1844 854 1908 luit
1051 1859 1099 1908 949

88 1931 191 1996 999199
214 1933 321 2015 ruina,
345 1931 447 1996 fiebili
469 1932 592 2015 patriae
615 1931 727 1996 dabis?

88 2019 240 2084 solvendo
264 2041 330 2083 non
353 2042 400 2084 es:
423 2021 479 2084 illa
503 2042 584 2103 quae
606 2019 694 2105 leges
717 2022 803 2084 ratas

87 2106 213 2172 Natura
236 2109 270 2172 in
293 2131 358 2172 uno
381 2110 479 2172 vertit
503 2107 679 2193 Oedipoda,
702 2129 804 2172 novos
857 2116 863 2127 ’

89 2200 271 2260 commenta
292 2201 417 2281 partus,
441 2196 595 2280 supplicia
619 2197 728 2260 eadem
752 2196 832 2260 meis

87 2289 231 2348 novetur.
278 2285 396 2349 iterum
419 2286 526 2349 vivere
549 2288 645 2368 atquo
668 2285 784 2348 iterum
807 2286 892 2349 mori
1051 2302 1100 2350 949

87 2372 196 2456 119991,
218 2373 341 2436 renasci
364 2395 490 2456 semper
513 2377 549 2436 ut
572 2374 690 2437 totiens
712 2394 797 2437 nova

88 2461 248 2544 supplicia
270 2461 390 2544 pendas
410 2499 451 2507 -
470 2465 560 2525 utere
583 2462 726 2546 ingenio,
749 2462 858 2525 miser:

89 2550 174 2632 quod
198 2571 292 2633 saepe
314 2550 385 2613 fieri
406 2571 473 2613 non
496 2554 603 2633 potest
625 2550 683 2613 fiat
705 2549 773 2634 diu3

88 2660 175 2702 mors
199 2639 337 2724 eligatur
358 2640 464 2723 longa.
511 2641 687 2721 quaeratur
704 2639 757 2702 via

89 2748 152 2808 qua
174 2747 233 2791 nec
256 2728 390 2810 sepultis
413 2727 533 2791 mixtur
557 2730 589 2791 et
611 2727 693 2790 vivis
716 2729 825 2790 tamen
1053 2745 1102 2793 999

89 2819 255 2898 exemptus
279 2837 376 2880 erres:
400 2836 536 2898 morere,
559 2816 614 2878 sed
637 2816 718 2880 citra
740 2819 874 2898 patrem.

89 2904 263 2988 cunctaris,
287 2904 425 2967 animel'
448 2904 575 2968 subitus
599 2924 638 2967 en
660 2904 769 2968 vultus
793 2908 907 2990 gravat

88 2992 240 3072 profusus
263 2993 365 3056 imber
389 3014 425 3057 ac
448 2993 533 3078 rigat
555 2993 634 3056 fletu
657 3014 763 3078 genas.

89 3079 133 3141 ‘et
155 3079 231 3142 flere
255 3081 332 3144 satis
357 3081 427 3145 est?
449 3080 604 3145 hactenus
626 3080 763 3144 fundent
785 3081 890 3145 levem

88 3165 175 3230 oculi
196 3169 377 3250 liquorem?
401 3169 529 3235 sedibus
552 3169 639 3253 pulsi
662 3170 728 3233 suis
1052 3186 1101 3234 999

159 3397 211 3445 aar
230 3396 263 3446 ua
281 3393 335 3447 hoo
353 3397 398 3463 aq
412 3400 461 3448 aar
479 3394 536 3449 auis
554 3406 582 3460 9
605 3399 614 3465 ΙΙ
637 3400 690 3448 994
709 3394 810 3464 eripiet
827 3400 849 3447 n
868 3398 877 3466 u
900 3401 954 3450 949
972 3396 1038 3466 ipsa
1054 3403 1076 3449 r
1093 3398 1103 3468 ῃ

88 3463 252 3517 9411911119
266 3469 303 3517 Δτ
312 3467 320 3534 ll
335 3469 388 3517 942
402 3465 535 3520 solvenda
548 3483 604 3518 non
619 3469 661 3519 991
676 3483 704 3520 ω
718 3481 785 3520 corr.
804 3467 937 3539 (1991194911
950 3472 1003 3521 949
1019 3467 1102 3521 Oedi-

87 3535 161 3602 pode
179 3547 207 3601 ψ
226 3538 234 3604 ΙΙ
252 3541 305 3588 999
324 3551 396 3602 quac
414 3538 459 3606 ΕΗ
477 3542 525 3588 991
544 3540 623 3604 cytra
641 3539 751 3606 partem
769 3543 791 3590 Ε
809 3539 819 3607 {l
836 3542 890 3590 999
909 3553 947 3592 an
964 3538 1062 3593 uultus
1079 3542 1102 3591 Δ
