2394 3990
467 224 654 280 ramerus
1001 228 1069 294 289

51 373 141 436 hune
163 370 288 436 facinus
312 369 425 455 ingens
449 390 545 434 ausus
568 374 733 454 assumpta
756 370 790 435 in
813 373 917 436 scelus

52 462 203 525 consorte
225 458 328 523 nostri
349 457 490 541 perfidus
513 458 648 523 thalami
671 459 787 524 avehit.
1015 478 1069 527 2³5

52 549 131 613 hinc
154 569 250 612 omne
272 547 371 611 cladis
394 551 524 611 mutuae
547 547 642 612 fluxit
664 549 799 612 malum:

53 661 113 723 per
134 658 234 723 regna
255 635 400 719 trepidus
424 635 499 699 exul
522 637 624 700 erravi
646 659 731 720 mea,

54 748 129 811 pars
152 724 243 790 nulla
265 723 391 810 generis
413 727 485 789 tuta
507 724 547 788 ab
571 725 696 790 insidiis
719 729 824 809 vacat,

55 818 208 899 oon-apta
230 814 384 897 coniunx,
407 813 522 896 imperi
546 835 663 896 quassa
684 817 734 878 est
755 814 850 897 fides,

56 904 172 968 domus
195 923 304 988 aegra,
326 900 443 965 dubius
466 902 597 986 sanguis
620 907 670 966 est
687 939 732 948 —
750 903 829 968 certi
850 903 935 968 nihil
1016 920 1071 968 240

55 993 121 1058 nisi
142 991 242 1056 frater
263 990 376 1055 hostis.
422 989 500 1073 quid
523 990 655 1074 stupes?
678 991 808 1055 tandem
830 992 936 1076 incipe

57 1082 249 1162 animosque
272 1100 375 1144 sume:
398 1078 570 1142 Tantalum
593 1082 626 1143 et
648 1078 801 1163 Pelopem
825 1081 945 1165 aspice3

57 1168 98 1234 ad
120 1169 201 1232 haec
222 1189 337 1232 manus
360 1168 507 1251 exempla
529 1171 708 1250 poscuntur
728 1190 826 1232 meae.

57 1257 199 1342 profare,
222 1255 328 1320 dirum
351 1277 415 1339 qua
438 1259 535 1340 caput
557 1260 695 1321 mactem
717 1257 779 1322 via.

59 1363 132 1411 ΒΛΤ.
156 1344 254 1409 Ferro
277 1347 462 1428 peremptus
486 1344 636 1428 spiritum
659 1346 826 1410 inimicum
850 1351 977 1430 expuat.
1019 1361 1072 1411 245

57 1452 137 1498 ΛΤΒ.
160 1433 211 1498 De
232 1433 297 1497 fine
319 1453 442 1516 poenae
464 1433 619 1517 loqueris3
642 1455 703 1520 ego
726 1455 865 1518 poenam
887 1436 972 1498 volo.

58 1523 198 1608 perimat
219 1526 376 1605 tyrannus
397 1522 493 1586 lenis:
516 1522 551 1585 in
573 1543 673 1608 regno
696 1544 768 1587 meo

59 1632 146 1676 mors
169 1610 369 1692 impetratur.
415 1625 488 1672 ΒΛΤ.
512 1607 612 1674 Nulla
633 1615 666 1674 te
688 1611 792 1695 pietas
814 1612 945 1676 movet?

58 1717 139 1763 ΛΤΒ.
162 1697 304 1780 Excede,
324 1694 446 1779 Pietas,
469 1696 497 1760 si
519 1699 619 1792 modo
640 1699 675 1760 in
696 1701 807 1761 nostra
828 1698 925 1762 domo

59 1808 215 1871 umquam
236 1785 336 1850 fuisti.
383 1784 452 1849 dira
473 1783 643 1849 Furiarum
666 1785 781 1849 cohors
1022 1803 1077 1852 auo

60 1877 248 1958 discorsque
270 1873 389 1956 Erinys
411 1873 520 1937 veniat
543 1877 576 1938 et
598 1873 744 1958 geminas
767 1873 852 1938 faces

59 1965 212 2051 Megaera
234 1963 394 2046 quatiens:
417 1983 484 2026 non
507 1962 584 2026 satis
607 1983 726 2048 magno
750 1985 857 2026 meum

60 2055 152 2119 ardet
174 2053 283 2116 furore
305 2054 431 2134 pectus,
454 2050 582 2134 impleri
604 2051 694 2115 iuvat

60 2143 183 2207 maiore
206 2144 359 2204 monstro.
406 2155 479 2203 ΒΛΤ.
503 2136 587 2227 Quid
609 2139 686 2203 novi
708 2139 839 2204 rabidus
863 2140 982 2206 struis?

60 2248 140 2295 ΛΤΒ.
163 2228 222 2295 Nil
244 2228 331 2312 quod
353 2227 473 2292 doloris
497 2229 603 2311 capiat
626 2229 745 2293 assueti
767 2230 895 2314 modus3
1024 2245 1077 2293 255

61 2321 189 2384 nullum
212 2318 392 2400 relinquam
414 2316 540 2382 facinus
563 2320 597 2380 et
619 2318 746 2381 nullum
769 2321 819 2382 est
842 2318 929 2382 satis.

63 2425 137 2473 ΒΛΤ.
165 2405 320 2471 Ferrum?
366 2422 444 2470 ΛΤΒ
480 2404 599 2469 Parum
636 2409 692 2469 est
739 2421 812 2469 ΒΛΤ.
849 2404 934 2481 Quid
969 2406 1078 2491 ignis?

543 2511 621 2558 ΛΤΒ.
645 2493 841 2559 Etiamnunc
863 2516 976 2576 parum
998 2498 1056 2558 est.

63 2601 139 2650 ΒΛΤ.
162 2582 309 2659 Quonam
332 2602 408 2668 ergo
431 2583 497 2646 telo
519 2586 629 2646 tantus
651 2585 761 2646 utetur
784 2581 896 2646 dolor?

63 2690 144 2737 ΛΤΒ.
168 2670 244 2756 Ipso
267 2671 415 2754 'ibyeste
461 2687 534 2735 ΒΛΤ.
557 2671 662 2735 Maius
685 2671 748 2736 hoc
771 2671 819 2734 ira
841 2674 890 2735 est
912 2672 1042 2735 malum.

63 2779 143 2825 ΛΤΒ.
166 2758 291 2825 Fateor.
336 2760 495 2823 tumultus
518 2763 649 2843 pociora
671 2759 828 2824 attonitus
851 2760 957 2842 quatit
1027 2775 1080 2824 260

63 2851 259 2935 penitusque
281 2848 396 2934 volvit3
418 2847 527 2931 rapior
550 2853 582 2912 et
605 2870 669 2932 quo
692 2848 815 2931 nescio,

65 2938 124 3004 sed
146 2939 262 3020 rapior.
308 2937 374 3001 imo
396 2937 502 3022 mugit
525 2959 543 3000 e
564 2937 665 3001 fundo
689 2937 809 3020 solum,

64 3030 160 3092 tonat
182 3026 249 3090 dies
273 3046 402 3090 serenus
425 3047 463 3091 ac
484 3026 563 3090 totis
586 3026 700 3090 domus

64 3120 103 3181 ut
124 3115 228 3180 fracta
250 3115 344 3180 tectis
368 3114 492 3199 crepuit
515 3119 547 3179 et
569 3115 651 3177 moti
673 3115 755 3178 lares

65 3359 144 3399 more
162 3347 186 3397 A
203 3340 223 3396 f.
238 3343 302 3397 laxo
320 3343 438 3414 Bentley
459 3344 468 3412 l
490 3346 542 3396 287
562 3340 667 3395 errauit
685 3345 708 3393 Δ
734 3343 744 3424 fl
771 3345 823 3394 888
843 3359 869 3410 p.
884 3360 911 3395 n.
925 3343 1014 3397 nostri
1033 3341 1084 3478 Ap!

65 3420 123 3470 24⁰
140 3415 170 3468 et
189 3430 212 3468 c.
231 3431 258 3468 u.
277 3414 316 3468 N.
327 3413 464 3468 Heinsius
478 3432 507 3483 p.
523 3417 560 3467 39
586 3416 596 3482 ΙΙ
622 3416 845 3480 antemnaque
864 3430 942 3467 suma
961 3412 990 3466 T.
1006 3417 1029 3465 Δ
1047 3429 1082 3466 c.

65 3487 127 3543 Leo
142 3486 213 3541 139
263 3489 317 3539 244
334 3483 437 3539 lactem
455 3490 478 3537 E
500 3487 510 3554 ΙΙ
532 3488 586 3537 246
604 3499 670 3553 ergo
689 3490 710 3537 E
730 3486 740 3553 l
763 3488 815 3536 2³6
834 3484 949 3538 modum
968 3503 995 3538 ω
1014 3499 1083 3537 coer.

67 3556 190 3629 Madoip
256 3559 309 3610 114
322 3557 333 3625 l
344 3559 398 3608 869
417 3556 461 3610 est
478 3555 496 3609 i.
511 3555 565 3608 hoc
582 3556 639 3608 Δ(τ)
654 3556 663 3624 ΙΙ
681 3559 735 3608 262
753 3553 866 3609 effundo
885 3560 909 3607 R

121 3670 408 3741 unu-numm
907 3665 944 3713 le
