2394 3990
124 202 192 266 248
449 197 637 254 5155151
656 197 820 253 5555015

125 363 226 410 curu.
249 346 398 410 Perlucet
422 367 516 410 omne
538 345 646 430 regiae
668 345 784 408 vitium
807 344 930 408 domus.

127 454 232 500 nvrn.
254 434 350 520 Piget
372 435 489 518 prioris
512 437 545 498 et
567 455 688 497 novum
712 433 833 497 crimen
856 433 975 497 suuis?

127 541 226 588 carr.
250 524 314 588 Res
338 527 386 588 est
409 524 554 606 profecto
578 523 678 586 stulta
700 521 862 606 nequitiae
885 522 1010 586 modus.
1095 539 1146 588 150

124 630 230 676 nuru.
254 611 347 687 Quod
369 612 485 676 metuit
508 615 605 696 auget
628 612 684 694 qui
708 612 811 676 scelus
835 612 953 675 scelere
976 611 1094 676 obruit.

128 718 227 765 5555.
250 701 295 765 Et
317 700 438 764 ferrum
461 704 493 764 et
516 701 601 786 ignis
625 721 719 783 saepe
742 700 918 764 medicinae
940 701 1014 764 loco
1039 704 1097 765 est.

125 808 229 853 nvru.
252 790 407 854 Extrema
429 790 534 873 primo
558 811 653 853 nemo
676 789 848 873 temptavit
869 790 951 852 loco.

126 896 224 942 5555.
248 877 414 962 Rapienda
436 878 532 942 rebus
555 878 590 941 in
612 879 706 941 malis
729 897 882 961 praeceps
905 878 958 941 via
981 881 1040 942 est.

122 985 228 1031 5555.
251 965 352 1031 Atta
374 966 518 1031 reflectat
541 967 672 1052 coniugi
694 987 814 1031 nomen
837 986 972 1030 sacrum.
1093 983 1143 1032 155

126 1073 227 1120 carr.
248 1055 368 1124 Decem
391 1078 449 1138 per
472 1076 573 1119 annos
596 1056 693 1119 vidua
714 1056 885 1138 respiciam
908 1056 1036 1120 virum?

122 1163 226 1209 5555.
250 1144 436 1208 Meminisse
459 1144 554 1208 debes
578 1144 699 1208 sobolis
723 1167 762 1208 ex
785 1145 843 1208 illo
866 1149 949 1209 5555.

125 1251 224 1298 carr.
247 1233 407 1316 Equidem
431 1236 463 1297 et
486 1233 609 1318 iugales
632 1233 719 1314 filiae
741 1234 874 1297 memini
895 1232 982 1298 faces

124 1327 157 1387 et
180 1344 333 1408 generum
356 1320 531 1386 Achillem:
554 1323 715 1406 praestitit
737 1323 834 1386 matri
856 1322 961 1386 fidem.

122 1429 227 1475 5555.
251 1410 400 1475 Redemit
422 1410 479 1474 1115
503 1412 612 1475 5155515
635 1411 789 1476 immotae
813 1433 919 1476 moras

124 1505 157 1564 et
179 1501 281 1563 maria
303 1500 397 1584 pigro
420 1499 486 1562 fixa
508 1500 664 1585 languore
687 1501 825 1584 impulit.

124 1605 223 1653 5555.
246 1587 351 1652 Pudet
374 1588 525 1671 doletque
544 1625 586 1634 -
605 1587 775 1671 Tyndaris,
799 1589 879 1653 caeli
902 1609 1017 1674 genus,

121 1677 257 1741 lustrale
280 1677 374 1740 classi
396 1675 534 1740 Doricae
556 1678 667 1761 peperi
690 1680 799 1761 caput!

122 1765 262 1830 revolvit
285 1766 411 1830 animus
435 1766 569 1850 virginis
592 1765 753 1830 thalamos
777 1788 866 1830 meae

123 1875 205 1938 quos
228 1855 283 1918 1115
306 1855 421 1939 dignos
444 1852 578 1938 Pelopia
600 1854 677 1918 fecit
700 1856 809 1937 domo,

122 1963 197 2006 cum
221 1943 312 2006 stetit
335 1942 375 2006 ad
398 1965 468 2007 aras
493 1964 547 2007 ore
571 1944 715 2007 sacrifico
739 1947 831 2026 pater

123 2054 221 2115 quam
244 2031 412 2114 nuptialis!
435 2032 563 2096 horruit
587 2030 721 2096 Calchas
745 2055 820 2097 5555

122 2139 277 2204 responsa
300 2121 388 2184 vocis
412 2124 445 2184 et
466 2120 649 2185 recedentes
672 2121 771 2185 focos.

123 2230 142 2272 o
167 2209 287 2272 scelera
310 2231 436 2292 semper
459 2209 630 2273 sceleribus
654 2210 785 2274 vincens
808 2211 937 2292 domus,

121 2317 236 2361 cruore
258 2302 371 2362 ventos
395 2299 545 2381 emimus,
568 2299 690 2362 bellum
713 2301 804 2363 necet

120 2387 178 2450 sed
201 2387 273 2450 vela
295 2387 416 2469 pariter
438 2386 527 2451 mille
549 2388 694 2452 fecerunt
716 2389 822 2452 rates?

119 2496 188 2539 non
211 2478 259 2538 est
282 2476 389 2538 soluta
411 2496 565 2558 prospero
590 2475 700 2540 classis
724 2476 797 2540 deo:

120 2564 215 2628 eiecit
238 2562 332 2628 Auhs
355 2564 471 2647 impias
495 2568 591 2647 portu
614 2569 707 2628 rates.

121 2653 169 2717 sic
192 2653 376 2736 auspicatus
399 2653 485 2716 bella
507 2674 574 2717 non
597 2654 711 2717 mehus
735 2654 826 2738 gerit.

120 2763 230 2806 amore
255 2747 367 2825 captae
390 2746 516 2824 captus,
539 2742 693 2806 immotus
717 2763 810 2825 prece

119 2829 292 2894 Zminthea
314 2831 419 2894 tenuit
442 2831 546 2913 spolia
568 2829 710 2895 Phoebei
734 2831 832 2914 senis,

118 2920 233 2983 ardore
257 2939 364 2983 sacrae
388 2921 523 3005 virginis
547 2920 611 2984 iam
635 2924 705 2984 tum
728 2920 846 2984 furens.

191 3061 237 3108 151
256 3057 360 3111 scelere
379 3057 469 3112 scelus
488 3060 545 3110 Aa)
568 3061 577 3127 11
600 3063 649 3110 154
668 3058 806 3127 capienda
824 3061 932 3128 511155
953 3058 1081 3128 coniugis
1100 3060 1139 3114 ed.

92 3163 101 3183 .
119 3128 272 3198 Burdepol.
287 3131 357 3197 11155
377 3129 414 3182 Et
432 3129 548 3198 quidem
565 3131 681 3198 511150.
696 3134 742 3182 151
762 3131 990 3201 Clytaemestrae
1004 3132 1073 3185 dant
1090 3142 1118 3196 ψ
1132 3132 1141 3198 11

80 3245 83 3250 .
118 3203 165 3251 151
183 3197 268 3267 lango
287 3199 401 3267 impulit
418 3207 440 3253 5
463 3203 472 3269 11
495 3205 544 3253 155
562 3201 653 3269 pudet
671 3201 806 3270 pigetque
824 3206 847 3253 A
865 3203 875 3270 11
893 3205 941 3254 155
960 3201 1073 3270 peperit
1090 3206 1113 3253 A
1131 3204 1139 3270 11

118 3273 169 3322 155
188 3269 325 3338 sacrilego
343 3275 366 3322 A
380 3273 451 3340 11157
470 3271 552 3340 quasi
570 3271 713 3340 nuptiales
731 3277 754 3324 A
771 3276 774 3343 1
792 3271 924 3327 chalchae
942 3275 1051 3341 511155
1072 3289 1139 3342 pen-

11 3360 19 3401 2
118 3354 185 3393 sans
206 3340 304 3393 domus
323 3343 440 3413 Bentley
458 3345 467 3411 1
485 3347 535 3396 170
553 3343 662 3396 eminus
680 3349 702 3396 A*
720 3347 729 3413 11
751 3348 797 3397 171
815 3343 919 3398 naemei
937 3343 1139 3413 1555551555

11 3412 15 3417 '
118 3409 196 3465 bella
214 3414 321 3479 511175
341 3413 425 3466 515515
444 3413 500 3466 5115
518 3416 625 3482 511175
645 3415 695 3469 del.
710 3416 819 3483 Paper,
834 3421 899 3484 post
911 3418 961 3467 175
976 3416 1076 3486 1595155
1089 3426 1117 3480 ψ
1130 3417 1139 3483 11

117 3482 281 3536 1751511515
300 3499 340 3550 sp.
359 3484 400 3538 cel
419 3484 493 3536 dona
512 3486 629 3558 Bentley
654 3487 657 3554 Ι
683 3485 732 3539 Ρ11.
753 3485 832 3540 ducis
851 3491 874 3538 A
901 3487 911 3554 11
937 3490 986 3539 177
1011 3485 1139 3540 ardorem

115 3570 139 3607 s.
160 3572 184 3607 v.
203 3556 315 3608 tantum
334 3553 425 3607 ferens
444 3557 501 3606 Ao)
