2394 3990
469 106 472 113 ·
494 106 647 162 oannvs
1012 113 1077 176 227

61 256 173 317 tamen
195 252 268 335 ipsa
289 273 342 315 me
364 251 495 316 fortuna
517 257 650 318 terreret
672 254 768 318 nimis

63 340 203 405 sollicite
226 361 360 424 semper.
405 341 501 406 liceat
523 342 585 406 hoc
607 345 678 406 tuto
702 342 763 406 tibi
1028 362 1078 411 eae

63 452 179 495 exuere
202 428 330 512 pondus
351 449 412 493 nec
433 429 634 495 recedentem
658 432 834 514 opprimat:

63 520 127 583 iarn
150 522 183 582 te
205 519 332 582 minore
354 517 456 582 tutior
477 539 578 601 pones
601 521 681 583 loco.

64 623 143 672 olon.
167 604 318 671 Hortaris
342 606 453 690 etiam,
476 611 591 690 sponte
615 607 772 691 deponam
795 611 832 673 ut
855 631 926 673 mea

63 700 129 760 tam
153 696 265 781 grevia
286 694 407 780 regna?

368 799 420 848 cn.
444 781 601 848 Suadeam
624 785 687 848 hoo
710 785 775 849 illis
799 807 873 871 ego,

64 872 96 936 in
118 876 294 955 utrumne
318 871 389 954 quis
412 875 463 936 est
484 871 567 937 liber
590 874 765 938 etiamnum
789 879 905 939 status:
1026 892 1078 941 ceo

64 960 124 1026 tibi
146 962 213 1024 iam
235 980 365 1025 necesse
388 964 438 1024 est
459 960 542 1025 ferre
564 961 727 1026 fortunam
750 967 848 1028 tuam.

64 1065 145 1114 olan.
169 1047 357 1113 Certissima
380 1053 429 1113 est
450 1071 584 1134 regnare
608 1051 750 1134 cupienti
773 1051 825 1115 via

62 1138 192 1202 laudare
215 1137 342 1201 modica
365 1141 398 1201 et
421 1138 524 1201 otium
547 1159 584 1202 ac
608 1160 756 1202 somnum
778 1141 881 1226 loqui3

63 1226 101 1291 ab
124 1226 273 1309 inquieto
297 1247 391 1309 saepe
414 1225 584 1290 simulatur
608 1228 705 1310 quies.

64 1332 113 1380 cn.
137 1314 300 1379 Parumne
322 1335 374 1378 me
397 1319 463 1378 tam
485 1315 584 1400 longa
608 1315 749 1380 defendit
772 1315 872 1381 fides?
1026 1334 1076 1382 685

63 1420 143 1469 olan.
167 1401 305 1467 Aditum
326 1401 465 1469 nocendi
486 1404 609 1487 perfido
632 1408 775 1488 praestat
797 1404 883 1470 fides.

64 1510 114 1557 cn.
140 1490 273 1557 Solutus
297 1513 393 1557 onere
415 1493 505 1578 regio
528 1493 620 1578 regni
643 1494 737 1558 bonis

62 1582 153 1645 fruor
175 1581 354 1663 domusque
378 1580 496 1645 civium
520 1586 614 1646 coetu
636 1583 738 1666 viget,

61 1690 121 1734 nec
144 1668 212 1733 nlla
234 1669 359 1733 vicibus
382 1670 487 1755 surgit
508 1670 640 1734 alternis
663 1670 730 1734 dies

63 1779 127 1841 qua
149 1779 217 1823 non
239 1758 414 1842 propinqui
437 1780 570 1822 munera
592 1758 633 1822 ad
655 1761 783 1822 nostros
806 1760 888 1823 lares
1026 1776 1077 1825 690

62 1847 182 1930 sceptri
204 1846 397 1931 redundent3
420 1846 540 1929 cultus,
563 1848 734 1930 opulentae
757 1847 868 1931 dapes,

62 1936 182 2000 donata
204 1934 316 2000 multis
339 1937 443 2021 gratia
465 1939 575 1999 nostra
598 1936 697 2000 salus:

62 2024 142 2108 quid
164 2026 233 2087 tam
254 2023 367 2088 beatae
390 2025 480 2088 desse
502 2024 650 2088 fortunae
673 2024 764 2087 rear?

61 2129 144 2177 om).
168 2110 262 2187 Quod
280 2113 363 2177 dest:
387 2113 525 2177 secunda
543 2134 609 2177 non
627 2113 748 2176 habent
765 2134 919 2195 umquam
937 2113 1078 2177 modum.

62 2218 115 2265 cn.
139 2198 310 2286 Incognita
333 2202 434 2287 igitur
455 2205 492 2265 ut
513 2223 632 2266 nocens
657 2222 751 2265 eausa
774 2201 906 2265 cadam?
1026 2218 1077 2266 696

61 2306 144 2354 olel).
166 2288 257 2354 Num
279 2290 362 2354 ratio
385 2290 478 2354 vobis
501 2290 625 2354 reddita
649 2295 698 2354 est
720 2291 805 2354 vitae
828 2290 939 2354 meae?

59 2400 142 2443 num
164 2377 275 2442 audita
298 2399 394 2443 causa
418 2382 466 2443 est
488 2383 598 2443 nostra
621 2378 783 2442 Tiresiae?
805 2382 915 2442 tamen

60 2471 173 2532 sontes
196 2466 350 2531 videmur.
395 2467 502 2533 facitis
526 2467 722 2551 exemplum:
746 2488 869 2550 sequor.

61 2572 114 2621 ca.
140 2553 226 2631 Quid
248 2556 277 2619 si
299 2556 452 2620 innocens
476 2556 569 2620 sum?

77 2715 83 2728 ,
493 2660 573 2709 ono.
599 2642 707 2708 Dubia
729 2665 788 2727 pro
812 2644 906 2708 certis
931 2643 1035 2707 solent

58 2720 177 2779 tumere
199 2735 300 2800 reges.

271 2818 322 2866 cla.
346 2800 408 2879 Qui
430 2807 526 2886 pavet
549 2825 648 2867 vanos
671 2807 790 2887 metus,
1028 2817 1079 2866 700

58 2912 155 2957 veros
178 2894 328 2955 moretm.

268 2996 350 3044 olan.
374 2977 526 3063 Quisquis
549 2979 585 3043 in
608 2981 702 3063 culpa
724 2980 801 3062 fuit,

132 3174 187 3225 666
205 3170 260 3225 hoc
277 3172 390 3225 tantum
405 3172 521 3240 Bentley
534 3173 544 3240 ΙΙ
558 3175 611 3224 676
629 3187 664 3224 ne
683 3186 736 3223 rec.
752 3174 774 3222 A
788 3174 797 3238 ΙΙ
812 3176 864 3224 679
884 3190 940 3223 cen.
960 3173 1020 3223 tam
1038 3190 1078 3240 gr.

61 3256 151 3313 regna
164 3256 265 3297 orem
279 3242 362 3297 deam
375 3248 397 3295 n
411 3244 421 3312 ΙΙ
435 3246 488 3295 666
501 3241 519 3295 i.
528 3260 554 3294 u.
570 3242 619 3310 qui
634 3258 663 3295 se
678 3241 774 3295 subter
787 3247 808 3293 6
825 3244 829 3310 Ι
846 3242 933 3296 ctiam
946 3258 1021 3295 nunc
1035 3242 1082 3363 Alit

61 3316 115 3367 616
133 3312 264 3383 cupienti
280 3330 336 3367 vox
347 3318 370 3365 l
383 3315 393 3383 ΙΙ
406 3318 458 3367 666
478 3315 507 3367 et
522 3313 627 3367 totium
640 3319 661 3364 E
678 3315 682 3381 Ι
699 3329 785 3366 somn.
801 3314 881 3380 sequi
895 3317 918 3365 A
931 3315 940 3382 d
955 3317 1006 3364 666
1024 3312 1059 3365 de
1175 3330 1178 3335 ·

61 3382 122 3439 dics
139 3388 164 3437 A
186 3387 197 3454 ΙΙ
218 3388 273 3439 666
289 3386 394 3453 praest.
418 3383 479 3437 dies
498 3388 520 3436 A
541 3386 550 3453 ΙΙ
573 3389 624 3437 666
644 3399 706 3437 reor
723 3390 745 3435 Ε
768 3386 777 3453 ΙΙ
800 3389 852 3437 694
872 3384 947 3452 quod
970 3398 1014 3436 res
1038 3398 1080 3435 sc-

61 3454 154 3519 cunde
172 3458 196 3507 A
212 3456 223 3525 fl
241 3460 294 3511 666
314 3470 356 3509 οι.
375 3457 409 3510 ut
427 3470 528 3523 sequar
547 3456 575 3523 (a
593 3471 626 3509 ex
645 3457 672 3524 ο)
690 3455 726 3507 Ε1
740 3457 749 3524 ΙΙ
767 3460 817 3507 701
835 3470 914 3508 veros
933 3454 1039 3507 fatetur
1057 3458 1079 3504 A

871 3542 924 3598 io*
