2394 3990
147 112 192 175 66
470 113 499 166 L.
515 112 655 165 ANNAEI
674 111 835 166 SENECAE

144 275 251 321 Annis.
276 256 385 344 Stygis
404 258 581 341 profundae
601 258 740 322 claustra
758 262 790 322 et
809 258 938 324 obscuri
955 280 1071 344 specus
1105 279 1155 327 430

145 347 298 410 laxantur
321 352 366 430 et,
389 369 429 410 ne
453 347 534 410 desit
557 346 673 409 eversis
697 351 813 432 metus,

145 436 255 499 hostes
279 437 319 500 ab
343 437 408 499 imo
432 436 553 500 conditi
575 434 650 498 Dite
674 439 791 500 exeunt
813 473 857 482 -

146 525 265 588 solisne
287 529 372 588 retro
396 526 541 608 pervium
565 528 613 588 est
635 522 755 588 Danais
779 525 861 588 iter?

146 617 229 677 certe
253 635 354 696 aequa
376 635 462 677 mors
485 618 595 677 est-
613 613 723 677 turbat
745 617 841 696 atque
864 615 968 701 agitat
988 615 1133 704 Phrygas

145 703 325 766 communis
348 703 408 765 iste
431 706 548 784 terror,
569 701 623 764 hic
645 703 774 785 proprie
796 725 904 767 meum
1104 723 1155 771 431

145 795 283 855 exterret
306 793 461 874 animum,
483 791 587 854 noctis
610 789 786 855 horrendae
809 813 913 875 sopor.

146 897 219 944 sun.
243 879 329 954 Quae
352 881 421 944 visa
443 881 574 963 portas?
598 879 674 943 effer
697 880 731 943 in
754 881 894 944 medium
917 886 1031 946 metus.

146 986 250 1032 ANDR.
274 968 384 1033 Partes
407 970 473 1032 fere
495 991 560 1032 nox
584 969 668 1031 alma
689 970 860 1034 transierat
883 970 961 1034 duas

147 1059 331 1140 clarumque
355 1061 476 1140 septem
499 1061 659 1121 verterant
683 1059 792 1121 stellae
817 1059 943 1144 ingum3

147 1147 259 1232 ignota
281 1147 410 1210 tandem
432 1148 521 1211 venit
543 1146 682 1210 afflictae
706 1148 795 1230 quies

148 1235 317 1318 brevisque
339 1236 432 1299 fessis
457 1257 587 1299 somnus
611 1235 754 1319 obrepsit
777 1237 881 1322 genis,

146 1325 174 1387 si
198 1345 328 1387 somnus
351 1325 406 1388 ille
430 1328 478 1388 est
500 1325 617 1389 mentis
641 1325 795 1388 attonitae
819 1329 942 1409 stupor:
1035 1342 1038 1347 ’

145 1433 218 1476 curn
243 1413 349 1476 subito
373 1417 500 1477 nostros
522 1411 643 1476 Hector
666 1418 740 1478 ante
763 1414 873 1478 oculos
897 1415 1001 1498 stetit,

145 1524 211 1565 non
235 1502 338 1584 qualis
361 1502 446 1565 ultro
470 1502 555 1565 bella
578 1503 612 1564 in
634 1499 772 1588 Argivos
796 1504 900 1567 ferens

148 1589 257 1655 Graias
281 1591 410 1675 petebat
432 1591 557 1655 facibus
579 1589 682 1655 Idaeis
704 1595 802 1674 retes,

145 1701 204 1743 nec
228 1681 321 1744 caede
344 1680 447 1743 multa
470 1680 574 1762 qualis
597 1680 632 1743 in
653 1678 782 1744 Danaos
805 1681 913 1744 furens

145 1791 220 1833 vera
243 1792 282 1832 ex
304 1766 432 1833 Achille
456 1769 559 1851 spolia
582 1769 732 1832 simulato
756 1770 845 1852 tulit,

145 1880 212 1922 non
235 1859 290 1921 ille
312 1859 421 1923 vultus
444 1858 627 1921 flammeum
654 1857 819 1921 intendens
843 1857 944 1942 iubar,

146 1949 201 2011 sed
223 1949 325 2010 fessus
349 1968 386 2010 ac
409 1946 549 2011 deiectus
573 1951 605 2010 et
626 1946 705 2010 fletu
729 1947 834 2032 gravis

147 2037 324 2119 similisque
347 2040 484 2118 maesto,
507 2036 653 2119 squalida
676 2036 821 2100 obtectus
845 2056 945 2100 coma.
1103 2054 1153 2103 450

148 2126 237 2188 iuvat
259 2129 367 2188 tamen
389 2126 520 2209 vidisse3
543 2129 613 2189 tum
636 2145 790 2207 quassans
814 2128 922 2207 caput:

147 2214 291 2297 ‘dispelle
316 2214 457 2278 somnos'
480 2214 586 2297 inquit
610 2213 653 2277 ‘et
675 2217 788 2277 natum
811 2213 910 2296 eripe,

147 2325 165 2366 o
189 2303 253 2366 fida
276 2304 428 2367 coniunx:
453 2304 565 2386 lateat,
587 2301 666 2366 haec
688 2325 753 2366 una
775 2307 823 2366 est
846 2303 941 2366 salus.

147 2392 258 2455 omitte
282 2392 375 2456 fletus
398 2429 442 2438 -
465 2391 561 2456 Troia
584 2392 670 2475 quod
693 2393 807 2456 cecidit
829 2392 954 2477 gemis?

145 2481 269 2544 utinam
293 2481 409 2545 iaceret
431 2485 508 2545 totu.
554 2481 683 2563 festina,
707 2502 819 2545 amove

147 2591 348 2653 quocumque
371 2575 498 2634 nostrae
521 2571 687 2654 parvulam
711 2570 842 2653 stirpem
866 2569 1001 2634 domus?

147 2658 227 2721 mihi
250 2659 374 2744 gelidus
396 2659 511 2724 horror
533 2680 570 2722 10
593 2662 712 2723 tremor
736 2681 883 2723 somnum
907 2659 1046 2743 expulit,

147 2750 321 2831 oculosque
343 2770 429 2812 nuno
451 2748 515 2813 huo
538 2747 667 2831 pavida,
689 2768 774 2811 nunc
797 2749 875 2812 illuc
897 2748 1003 2812 ferens

149 2837 250 2900 oblita
272 2838 341 2900 neti
363 2838 479 2901 misera
502 2837 646 2919 quaesivi
668 2835 852 2901 Hectorem:

146 2926 246 2989 fallax
268 2948 325 3009 per
348 2927 435 3009 ipsos
459 2926 573 2989 umbra
596 2927 782 3008 complexus
805 2925 880 2989 abit.
1104 2941 1153 2990 460

217 3122 372 3169 sco-4³4⁸
389 3120 448 3172 seni
465 3120 608 3174 continuat
626 3119 712 3173 Bothe
734 3120 743 3187 ΙΙ
769 3123 821 3171 480
841 3117 933 3187 Stygii
955 3117 1090 3187 profundi
1107 3124 1129 3172 A
1144 3118 1155 3189 11

146 3194 199 3241 432
218 3188 326 3242 tumulo
345 3191 447 3242 exeunt
460 3194 482 3242 A
496 3192 505 3257 ΙΙ
519 3195 571 3244 486
586 3197 649 3258 post
667 3189 791 3243 animum
810 3191 894 3243 lencm
911 3189 1155 3258 interpunctionem

146 3276 200 3314 esse
210 3260 367 3328 ponendam
382 3261 424 3312 M.
436 3261 541 3315 Metllcr
551 3278 579 3329 p.
595 3265 671 3331 178q.
687 3261 901 3328 demonstravitt}
914 3264 967 3313 Ast
982 3264 1133 3330 portantA

146 3336 198 3384 488
217 3348 272 3384 nox
290 3331 347 3384 iam
366 3333 400 3384 tr.
418 3333 462 3400 ΕΗ
476 3337 528 3384 446
548 3333 633 3385 caede
651 3334 731 3386 vasta
749 3336 771 3384 A
787 3334 791 3400 l
807 3330 913 3384 Danais
926 3335 950 3382 A
968 3331 1093 3403 (Danaos
1105 3333 1134 3400 τ)

145 3407 207 3457 449.
227 3407 348 3456 410011.
369 3409 390 3455 Ε
418 3404 426 3471 ΙΙ
453 3406 618 3457 4501101110
642 3421 682 3469 ω,
706 3420 773 3458 corr.
793 3402 892 3471 Peiper
910 3404 969 3457 coll.
991 3405 1068 3474 Vero.
1089 3405 1154 3459 Aea

145 3475 339 3543 1117011411
359 3473 469 3543 depelle
487 3476 597 3542 111457
617 3475 723 3528 excutit
741 3480 763 3526 A
