2394 3990
145 204 206 268 178
465 202 494 254 L.
509 201 651 254 ANNAEI
670 198 832 254 SENECAE

141 368 232 413 PHPP.
256 347 434 412 Auimusne
458 349 589 430 cupiens
614 347 735 429 aliquid
759 345 849 409 effari
871 345 1024 428 nequit?

141 457 196 502 PH.
221 436 322 501 Curae
344 438 431 501 leves
454 437 640 518 loquuntur,
663 437 809 520 ingentes
833 439 973 518 stupent.

142 546 232 591 H1PP.
258 525 431 590 Committe
455 546 546 588 curas
570 525 714 607 auribus,
737 528 848 606 mater,
871 525 960 588 meis.

141 635 196 680 PH.
220 615 333 679 Matris
358 614 531 697 superbum
555 618 603 677 est
626 634 745 678 nomen
768 617 800 677 et
821 614 959 677 nimium
983 617 1106 697 potens:

141 710 268 769 nostros
291 704 446 767 humilius
469 724 588 765 nomen
610 702 743 766 affectus
767 701 870 784 decct3
1098 715 1139 765 666

141 817 193 858 me
216 795 267 857 vel
291 813 447 874 sororem,
470 791 663 874 Hippolyte,
685 791 737 854 vel
759 791 914 855 famulam
937 813 1031 873 voca,

141 884 359 964 famulamque
383 882 505 964 potius:
530 902 623 944 omne
647 880 812 944 servitium
835 880 945 944 feram.

141 994 207 1035 non
229 994 281 1034 me
304 993 361 1053 per
384 971 466 1034 altas
488 970 534 1032 ire
558 970 586 1032 si
609 969 720 1033 iubeas
743 969 846 1052 nives,

142 1062 251 1146 pigeat
274 1060 388 1144 gelatis
412 1058 537 1143 ingredi
558 1057 654 1121 Pindi
677 1058 775 1143 iugis3

141 1171 221 1234 non,
244 1149 271 1212 si
294 1170 351 1232 per
373 1148 463 1233 ignes
487 1148 533 1211 ire
556 1152 588 1211 et
610 1147 728 1211 infesta
750 1147 893 1232 agmina,
1100 1160 1141 1210 616

142 1243 272 1302 cuncter
295 1238 415 1321 paratis
439 1237 568 1300 ensibus
591 1240 703 1320 pectus
727 1236 809 1299 dare.

28 1404 31 1408 Α
141 1327 291 1390 mandata
313 1327 419 1409 recipe
443 1330 580 1408 sceptra,
603 1347 655 1388 me
677 1325 832 1388 famulam
855 1325 978 1408 accipe:

143 1416 189 1500 [te
213 1416 347 1499 imperia
370 1436 494 1498 regere,
516 1436 567 1477 me
591 1415 681 1478 decet
703 1415 790 1477 iussa
814 1414 943 1498 exequi]

142 1505 297 1568 muliebre
320 1526 386 1567 non
409 1508 458 1567 est
480 1525 580 1588 regna
602 1504 702 1566 tutari
723 1503 866 1588 urbium3

141 1599 178 1658 tu
202 1594 258 1676 qui
281 1595 429 1656 iuventae
452 1592 530 1656 flore
553 1593 717 1674 primaevo
740 1593 829 1678 viges
1103 1608 1147 1656 626

144 1683 228 1746 cives
252 1687 385 1765 paterno
409 1682 502 1745 fortis
525 1681 659 1764 imperio
683 1703 772 1766 rege,

143 1772 215 1835 sinu
238 1774 399 1854 receptam
423 1770 601 1852 supplicem
625 1791 661 1833 ac
685 1792 808 1833 servam
830 1774 913 1855 tege.

142 1861 291 1923 miserere
314 1860 428 1923 viduae
448 1897 489 1904 —
535 1876 626 1922 H1PP.
651 1856 802 1922 Summus
825 1859 888 1922 hoc
912 1880 1008 1923 omen
1031 1861 1107 1923 deus

142 1953 273 2013 avertat.
319 1948 421 2011 aderit
444 1970 553 2030 sospes
577 1951 722 2012 actutum
744 1969 867 2030 parens.

142 2056 198 2100 PH.
220 2036 326 2122 Regni
349 2038 469 2101 tenacis
493 2036 642 2100 dominus
666 2041 698 2100 et
721 2038 836 2100 tacitae
860 2035 971 2122 Stygis
1104 2054 1151 2101 625

142 2127 265 2190 nullam
288 2127 417 2190 relictos
439 2127 517 2190 fecit
540 2127 579 2189 ad
603 2148 734 2208 superos
758 2126 857 2189 viam:

142 2215 277 2278 thalami
300 2216 443 2279 remittet
466 2213 520 2279 ille
544 2219 704 2298 raptorem
729 2214 800 2277 sui?

142 2305 205 2367 nisi
228 2305 312 2367 forte
336 2305 438 2367 amori
460 2304 605 2387 placidus
628 2308 661 2368 et
682 2302 804 2367 Pluton
827 2303 923 2368 sedet.

142 2411 233 2456 ΗΙΡΡ.
256 2391 353 2456 Illum
377 2393 506 2476 quidem
529 2393 623 2475 aequi
647 2394 775 2456 caelites
798 2393 947 2456 reducem
972 2392 1104 2458 dabunt.

143 2483 198 2546 sed
222 2481 297 2544 dum
320 2482 443 2546 tenebit
465 2487 541 2545 vota
564 2483 599 2544 in
622 2483 742 2546 incerto
768 2482 857 2564 deus,
1105 2499 1156 2547 636

143 2573 262 2654 pietate
287 2592 376 2634 caros
401 2572 507 2634 debita
530 2572 644 2634 fratres
668 2572 771 2635 colam

143 2666 175 2723 et
198 2665 230 2724 te
253 2660 400 2723 merebor
423 2682 490 2724 esse
513 2683 553 2724 ne
577 2660 706 2723 viduam
729 2664 822 2742 putes

143 2771 180 2812 ac
202 2750 262 2812 tibi
287 2750 428 2832 parentis
451 2750 521 2833 ipse
544 2749 701 2832 supplebo
724 2750 839 2812 locum.

143 2857 197 2900 PH.
223 2836 249 2900 Ο
274 2860 346 2922 spes
369 2842 533 2902 amantum
558 2838 699 2920 credula,
724 2860 742 2902 o
764 2837 864 2900 fallax
883 2834 999 2902 Amor!

144 2928 263 2990 satisne
287 2927 374 2989 dixi?
398 2927 546 3011 precibus
570 2927 707 2991 admotis
731 2948 833 3011 agam.
1108 2944 1157 2992 635

210 3015 374 3097 Miserere,
396 3018 513 3081 tacitae
536 3017 653 3080 mentis
677 3017 792 3079 exaudi
815 3036 924 3098 preces
944 3053 986 3060 —

143 3104 223 3167 libet
241 3103 331 3186 loqui
350 3106 510 3190 pigetque.
547 3123 638 3168 ΗΙΡΡ.
658 3104 826 3180 Quodnam
845 3105 932 3167 istud
950 3105 1074 3168 malum
1089 3106 1158 3171 est?

145 3210 199 3254 PH.
224 3191 317 3267 Quod
340 3194 374 3256 in
396 3216 565 3259 novercam
591 3194 701 3259 cadere
725 3196 779 3258 vix
803 3194 912 3257 credas
935 3195 1068 3258 malum.

144 3299 234 3343 HIPP.
258 3280 420 3367 Arubigua
443 3305 521 3348 voce
544 3284 641 3347 verba
664 3285 816 3367 perplexa
839 3283 930 3346 iacis:

215 3424 262 3472 616
291 3420 340 3473 del.
366 3420 477 3487 Peiper,
504 3427 596 3474 taretin·
619 3422 729 3476 Lodeck
752 3439 782 3490 p.
803 3425 839 3475 72
856 3426 922 3475 a.3
953 3424 962 3490 ΙΙ
995 3428 1045 3476 619
1069 3422 1157 3476 tutari

143 3490 232 3559 patris
249 3497 298 3544 Aa
313 3493 322 3560 ξΙ
336 3496 389 3543 622
408 3507 517 3544 seruam
535 3508 601 3561 rege
616 3498 652 3544 At
670 3496 678 3561 Η
693 3498 745 3547 662
764 3495 793 3546 et
811 3496 839 3546 te
857 3492 959 3546 tuebor
972 3497 996 3545 A
1009 3497 1020 3562 l}
1033 3499 1085 3547 688
1104 3493 1157 3547 hac

144 3564 180 3615 N.
197 3563 331 3617 Heinsius
346 3579 374 3629 p.
393 3567 428 3614 67
442 3565 450 3629 Η
466 3567 516 3614 665
537 3563 609 3616 dixit
626 3570 649 3616 Δ
