2394 3990
84 214 128 277 30
408 213 438 265 L.
453 211 595 265 ANNAEI
614 211 777 266 SENECAE

84 359 221 442 opponit
244 379 281 422 ac
304 379 337 420 se
360 356 502 442 tegmine
525 357 649 441 ingenti
672 357 768 441 tegit,

84 447 215 511 victrice
238 467 392 531 magnum
416 447 546 509 dextera
566 445 666 510 robur
688 466 810 530 gerens.

83 535 257 599 huc'nunc
280 538 313 598 et
335 535 413 598 illuc
436 534 566 597 verbere
590 534 718 607 assiduo
741 537 842 617 rotat,

85 624 263 709 ingeminat
286 624 377 686 ictus.
424 623 565 686 domitus
588 623 720 707 infregit
743 624 846 686 minas

85 716 117 776 et
139 715 256 776 cuncta
277 713 380 775 lassus
404 712 510 794 capita
533 712 695 775 summisit
717 712 806 775 canis

85 805 241 882 antroque
264 804 334 864 toto
359 801 462 864 cessit.
507 800 657 864 extimuit
680 799 793 870 sedens

84 895 220 972 uterque
243 890 324 952 solio
349 889 498 952 dominus
522 892 554 951 et
577 888 651 952 duci
674 888 777 972 iubet3

86 1001 137 1042 me
162 999 290 1061 quoque
313 978 439 1060 petenti
458 999 575 1041 munus
594 975 726 1042 Alcidae
751 977 846 1040 dedit.

154 1065 237 1129 Tum
261 1067 371 1151 gravia
393 1066 530 1129 monstri
554 1067 644 1130 cotta>
659 1067 860 1150 permulcens
884 1088 982 1130 manu

86 1155 253 1218 adamante
276 1158 364 1218 texto
388 1155 502 1237 vincit3
526 1154 646 1218 oblitus
670 1155 720 1218 sui

87 1248 194 1308 custos
219 1244 312 1327 opaci
334 1242 472 1328 pervigil
494 1244 586 1327 regni
609 1244 696 1307 canis

87 1333 253 1416 componit
276 1353 367 1408 aures
390 1330 521 1395 timidus
545 1331 577 1395 et
600 1332 726 1414 patiens
749 1331 835 1405 trahi

87 1443 241 1504 erumque
264 1421 382 1502 fassus,
406 1442 459 1484 ore
483 1421 654 1485 summisso
679 1420 871 1503 obsequens,

88 1513 260 1592 utrumque
283 1509 384 1573 cauda
406 1510 515 1592 puisat
538 1508 705 1593 anguifera
726 1510 820 1572 latus.

87 1602 259 1681 postquam
283 1601 332 1660 est
354 1595 394 1660 ad
417 1619 489 1661 oras
513 1595 647 1661 Taenari
669 1601 801 1665 ventum
826 1602 858 1661 et
880 1599 968 1662 nitor

86 1687 245 1769 percussit
268 1686 378 1749 oculos
400 1686 481 1750 lucis
505 1687 635 1771 ignotae
658 1707 774 1769 novus,

86 1776 221 1839 resumit
243 1776 367 1838 animos
390 1775 494 1838 victus
517 1779 550 1839 et
572 1778 678 1838 vastas
700 1775 810 1838 fruens

89 1867 219 1947 quassat
242 1867 383 1948 catenas3
406 1886 507 1946 paene
530 1864 684 1928 victorem
708 1864 842 1927 abstulit

87 1974 290 2034 pronumque
312 1956 397 2016 retro
421 1953 508 2016 vexit
531 1956 563 2015 et
585 1952 688 2016 movit
711 1954 820 2037 gradu.

88 2045 165 2104 tunc
188 2045 220 2103 et
242 2063 330 2104 meas
353 2041 494 2124 respexit
511 2039 640 2105 Alcides
664 2063 792 2124 manus3

88 2130 224 2214 geminis
247 2133 382 2213 uterque
404 2129 527 2194 viribus
550 2133 689 2193 tractum
713 2151 823 2194 canem

15 2250 17 2254 v
87 2219 135 2282 ira
156 2218 316 2282 furentem
340 2222 372 2282 et
394 2219 479 2282 bella
501 2222 713 2302 temptantem
736 2219 833 2282 inrita

87 2308 255 2370 intulimus
280 2307 360 2371 orbi.
405 2307 486 2370 vidit
509 2311 546 2370 ut
569 2309 690 2371 clarum
715 2307 798 2370 diem

88 2399 121 2459 et
143 2418 223 2478 pura
245 2395 341 2459 nitidi
364 2397 468 2478 spatia
491 2397 659 2479 conspexit
681 2396 763 2479 poli,

88 2484 218 2567 [oborta
240 2506 305 2547 nox
329 2488 390 2567 est,
413 2484 536 2548 lumina
558 2485 592 2548 in
615 2489 733 2549 terram
756 2483 857 2567 dedit]

88 2573 278 2655 compressit
301 2573 411 2636 oculos
435 2577 467 2636 et
490 2573 574 2637 diem
597 2573 737 2638 invisum
760 2572 884 2656 expulit

87 2662 266 2745 faciemque
289 2665 374 2725 retro
398 2661 489 2724 flexit
511 2665 607 2745 atque
631 2662 720 2726 omni
742 2662 835 2744 petit,

88 2751 210 2814 cervice
232 2754 364 2834 terram3
386 2754 456 2814 tum
479 2751 539 2815 sub
562 2749 737 2815 Herculeas
761 2754 857 2833 caput

88 2839 257 2902 abscondit
279 2840 418 2903 umbras.
465 2839 562 2908 densa
585 2839 641 2904 sed
662 2841 747 2903 laeto
771 2839 860 2902 venit

88 2927 227 2990 clamore
250 2928 345 2991 turba
368 2928 529 2994 frontibus
551 2928 679 2992 laurum
703 2949 816 3013 gerens

88 3015 261 3098 magnique
285 3017 415 3080 meritas
438 3016 587 3082 Herculis
610 3017 720 3080 laudes
744 3016 837 3091 canit.

159 3211 211 3259 788
225 3207 334 3276 ingenti
349 3207 467 3276 clepitA
480 3211 489 3277 ΙΙ
504 3214 555 3261 808
570 3208 665 3276 lapsus
679 3213 715 3259 Δτ
730 3209 797 3276 (exc.
808 3213 830 3259 R
842 3209 887 3275 10)
902 3209 912 3275 {t
926 3212 978 3258 808
994 3211 1104 3261 utrum-

88 3293 142 3344 que
156 3288 184 3343 ψ
198 3279 207 3346 ΙΙ
222 3279 413 3350 8078880841
433 3285 481 3332 814
494 3279 582 3333 bonos
597 3285 620 3331 Δ
641 3279 715 3332 bono
732 3285 753 3330 Ε
772 3296 839 3340 corr.
855 3278 991 3332 Bdcheler
1006 3280 1103 3348 (novos
1130 3345 1134 3351 Ι

88 3348 207 3418 Rotqers
216 3365 245 3417 p.
261 3351 324 3414 494)
340 3348 349 3420 Η
368 3354 415 3401 815
430 3350 540 3404 vinctus
552 3355 576 3403 Δ
589 3353 598 3421 ΙΙ
613 3355 662 3402 881
676 3350 782 3411 clarum
797 3349 912 3402 aethera
921 3354 944 3400 A
958 3352 967 3417 ΙΙ
982 3354 1035 3402 888
1051 3350 1101 3404 del.

88 3421 175 3475 Bothe
188 3421 198 3489 ΙΙ
212 3425 264 3472 884
283 3420 437 3488 comspexit
455 3422 549 3475 oculos
568 3427 593 3485 B¹
613 3421 720 3475 excutit
738 3423 770 3476 ci.
781 3423 888 3488 -Pcc'per
901 3423 910 3489 ΙΙ
925 3424 977 3472 888
998 3421 1088 3473 aciem

89 3507 143 3615 qpp
166 3508 194 3545 ω
210 3492 393 3616 lqorrqBothe
419 3494 428 3561 ΙΙ
456 3497 508 3546 888
531 3492 661 3546 herculea
680 3498 703 3544 Δ
719 3496 722 3561 t
739 3491 817 3560 cupit
840 3497 875 3543 Δτ
899 3495 966 3559 (exc.
991 3497 1014 3542 R
1034 3495 1078 3560 10)
1092 3494 1101 3561 ξε

162 3580 209 3615 um
229 3579 262 3615 ra
