2376 3984
90 197 156 262 298
413 198 443 252 L.
458 198 600 253 ANNAEI
618 198 781 255 SENECAE

89 345 161 408 loro
184 347 312 410 tenetur
329 342 453 408 Vmber
474 364 513 408 eo
534 366 645 427 presso
667 345 735 409 vies

90 436 252 499 scrutetur
275 454 342 514 ore,
365 432 442 496 dum
464 434 580 516 prooul
600 434 689 498 lento
713 456 802 499 suem

90 522 188 586 odore
211 522 322 604 sentit,
344 525 436 604 paret
458 525 491 586 et
513 522 612 585 tacito
635 523 743 587 locum

89 614 195 675 rostro
218 614 372 694 pererrat3
395 609 514 694 praeda
537 630 610 674 oum
633 611 767 695 propior
789 611 867 695 fuit,

90 699 212 764 oervioe
234 703 304 763 tote
326 702 451 783 pugnet
472 701 506 763 et
528 700 651 785 gemitu
673 704 769 764 vocet

89 787 255 852 dominum
279 790 458 852 morantem
481 809 579 870 seque
601 788 754 852 retinenti
776 789 887 873 eripit:

89 897 163 941 oum
187 880 294 959 sperat
316 877 364 940 ire
387 877 590 962 sanguinem,
611 877 715 941 nescit
736 877 817 962 tegi3

88 969 198 1030 tamen
220 968 356 1050 tegatur.
401 965 522 1048 espioe,
544 969 582 1029 ut
604 966 707 1030 multo
731 967 838 1051 gravis

89 1054 237 1137 squalore
260 1053 368 1117 vultus
393 1054 509 1118 obruet
530 1057 670 1118 maestos
694 1075 799 1138 come,

88 1164 186 1225 quem
209 1140 303 1206 foede
325 1141 428 1206 iaceat
449 1141 557 1206 barba.
603 1147 783 1226 praestetur
805 1143 884 1207 fides
906 1180 946 1190 —

86 1231 220 1296 fratrem
243 1232 334 1295 iuvat
355 1230 470 1295 videre.
516 1232 704 1314 complexus
726 1231 808 1294 mihi

86 1319 184 1384 redde
207 1319 376 1403 expetitos.
422 1319 576 1402 quioquid
598 1320 718 1383 irarum
740 1320 804 1384 fuit
895 1362 896 1365 =

86 1408 263 1492 transierit3
287 1430 326 1473 ex
348 1407 411 1472 hoo
434 1409 565 1494 sanguis
588 1428 626 1472 ao
648 1408 751 1491 pietas
774 1408 826 1472 die

86 1497 244 1579 celanen,
267 1496 382 1560 animis
405 1497 652 1561 odie'damnnta
674 1496 831 1562 excidant.

87 1602 166 1649 rur.
189 1583 320 1649 Diluere
342 1606 471 1668 possem
495 1589 623 1667 cuncte,
645 1585 708 1648 nisi
730 1586 805 1648 talis
827 1584 924 1649 fores.

87 1674 143 1738 sed
165 1673 277 1756 fateor,
299 1670 415 1756 Atreu,
437 1674 551 1755 fateor,
573 1673 696 1736 admisi-
712 1673 820 1736 omnia

86 1783 169 1844 quae
192 1760 362 1825 credidisti.
407 1761 580 1844 pessimam
604 1781 732 1824 oensem
755 1783 861 1825 meam

85 1849 240 1915 hodierne
262 1850 365 1933 pietas
388 1851 473 1914 fecit.
519 1852 569 1914 est
590 1871 722 1933 prorsus
744 1870 864 1914 nocens

83 1939 281 2022 ‘quicumque
304 1939 391 2003 visus
414 1942 481 2002 tam
505 1939 590 2002 bono
613 1938 706 2003 fratri
728 1942 777 2003 est
799 1959 929 2003 nocens.

84 2025 226 2091 lacrimis
248 2027 408 2112 egendum
432 2031 493 2092 est:
517 2027 695 2110 supplicem
718 2028 842 2110 primus
866 2027 968 2109 vides3

86 2114 147 2179 hee
169 2119 202 2180 te
224 2119 396 2199 precantur
418 2115 554 2199 pedibus
577 2116 716 2180 intectae
738 2137 867 2179 manus:

85 2208 225 2287 ponatur
249 2204 352 2268 omnis
376 2205 423 2268 ira
446 2209 478 2269 et
501 2226 540 2267 ex
563 2204 672 2268 animo
695 2207 804 2267 tumor

85 2313 194 2357 erasus
217 2293 319 2356 abeat.
366 2293 492 2357 obsides
516 2292 591 2356 fidei
613 2293 722 2375 eooipe
804 2328 807 2334 ·

84 2380 145 2445 hos
168 2381 367 2464 innocentes,
388 2381 496 2446 freter.
540 2398 618 2445 ΛΤΒ.
641 2378 672 2444 A
695 2381 831 2466 genibus
854 2402 986 2445 menum

83 2470 176 2534 aufer
197 2490 350 2552 meosque
372 2471 482 2552 potius
505 2471 671 2553 amplexus
695 2472 777 2552 pete.

83 2579 142 2623 vos
166 2579 308 2642 quoque,
331 2575 443 2623 senum
466 2558 636 2643 praesidia,
659 2560 710 2622 tot
732 2559 878 2641 iuvenes,
900 2579 974 2623 meo

84 2646 223 2730 pendete
246 2647 339 2711 oollo.
385 2647 564 2731 squalidam
587 2649 709 2710 vestem
732 2668 813 2710 exue

82 2736 250 2818 oculisque
273 2736 393 2799 nostris
415 2756 511 2820 peroe
535 2739 567 2799 et
590 2739 719 2799 ornatus
743 2755 821 2818 cepe

84 2846 177 2908 peres
200 2825 471 2907 meisdeetusque
492 2823 626 2888 fraterni
649 2825 765 2907 imperi

86 2932 216 2997 capesse
239 2917 372 2996 partem.
418 2913 521 2976 maior
543 2913 623 2977 haee
643 2912 714 2976 leus
737 2916 895 2995 estmoe,

82 3000 177 3064 fratri
198 3006 368 3085 paternum
391 3001 522 3066 reddere
545 3000 701 3065 ineolumi
725 3000 834 3065 decus:

36 3158 38 3163 ,
83 3087 201 3154 hebere
224 3111 359 3176 regnum
383 3111 474 3156 casus
498 3094 560 3171 est,
583 3090 685 3155 virtus
709 3090 792 3153 dare.

84 3194 164 3240 ΤΗΥ.
187 3176 231 3241 Di
251 3180 354 3262 paria,
375 3179 483 3262 freter,
505 3178 608 3262 pretio
631 3199 690 3261 pro
713 3179 812 3242 tantis
835 3179 897 3243 tibi

155 3337 207 3384 49⁸
226 3332 284 3387 loto
303 3341 324 3387 Ε
347 3338 356 3404 ΙΙ
380 3340 432 3388 554
450 3335 540 3405 spirat
557 3347 585 3401 ψ
603 3337 613 3405 ll
634 3340 684 3388 507
705 3333 779 3389 lueet
797 3340 819 3388 E
836 3336 839 3404 l
856 3337 1017 3404 praestatur

84 3407 133 3456 515
156 3401 242 3457 fratre
261 3407 367 3475 Eum
386 3406 506 3475 pedibus
525 3406 620 3460 iuncte
638 3410 676 3458 Ar
693 3409 702 3475 ΙΙ
721 3411 770 3459 om
788 3422 889 3459 munus
907 3410 932 3460 A
944 3409 955 3475 ΙΙ
968 3409 1021 3459 m

83 3490 166 3543 perus
181 3476 298 3558 Bentley
311 3479 320 3545 ΙΙ
335 3481 387 3529 524
405 3478 546 3546 pendente
560 3484 582 3530 Ε
595 3480 605 3547 i
620 3482 672 3530 555
691 3477 789 3546 quoles
803 3477 860 3532 mei
875 3479 942 3531 sunt
955 3476 1021 3530 lustr

82 3545 171 3600 freter
188 3545 301 3615 imponi
318 3549 429 3616 511527
448 3548 540 3603 maior
557 3548 611 3602 hoo
629 3550 685 3601 Ali)
709 3549 759 3617 (N.
774 3548 911 3604 Heinsius
925 3552 1019 3618 1240)
