2394 3990
403 195 433 250 L.
449 195 590 250 ANNAEI
607 195 772 253 schacha

194 343 270 406 dum
291 341 378 405 luem
401 345 525 405 tantam
548 341 662 407 Troiae
685 342 782 426 atque
805 341 939 409 Achivis

194 453 275 514 quae
297 431 386 513 tulit,
410 429 537 514 Sparte,
560 433 674 514 procul
697 433 794 515 absit,
816 433 902 498 absit

195 518 301 604 Argos
324 524 356 583 et
380 521 465 584 saevi
487 519 617 603 Pelopis
640 520 805 604 Mycenae,

195 605 326 672 Neritos
348 630 447 691 parva
470 609 598 673 brevior
619 608 784 693 Zacyntho

195 701 227 761 et
249 718 368 760 nocens
392 697 476 760 saxis
498 695 607 761 Ithace
631 697 759 763 dolosis.

262 784 354 860 Quod
377 790 485 850 manet
506 786 610 850 fatum
633 787 846 871 dominusque
869 789 941 871 quis
964 793 1007 872 te,

195 877 252 938 aut
275 875 390 957 quibus
414 875 519 957 terris,
542 874 689 959 Hecuba,
711 877 881 941 videndam

197 963 313 1027 ducet?
335 964 370 1027 in
392 965 482 1027 cuius
505 965 641 1029 moriere
663 966 785 1050 regno?

218 1155 402 1223 HELENA
438 1155 748 1224 ANDROMAOHA
784 1146 964 1225 HECVBA

153 1283 353 1366 Quicumque
375 1282 494 1366 hymen
516 1284 676 1367 funestus,
699 1284 893 1350 inlaetabilis

85 1377 227 1442 lamenta
249 1373 360 1436 caedes
384 1372 571 1456 sanguinem
595 1374 733 1458 gemitus
756 1373 855 1438 habet

87 1468 136 1530 est
158 1461 287 1545 auspice
309 1460 433 1524 Helena
456 1460 580 1545 dignus.
627 1463 744 1527 eversis
768 1484 898 1546 quoque

87 1573 202 1618 nocere
226 1571 325 1635 cogor
345 1549 542 1634 Phrygibus:
566 1571 625 1636 ego
649 1551 765 1635 Pyrrhi
788 1556 877 1616 toros

89 1661 216 1706 narrare
238 1639 337 1702 falsos
360 1639 481 1722 iubeor,
504 1661 565 1724 ego
588 1641 693 1704 cultus
717 1640 791 1705 dare

87 1731 280 1810 habitusque
305 1725 425 1791 Graios.
471 1731 538 1792 arte
561 1728 705 1812 capietur
726 1751 797 1793 mea

89 1839 223 1901 meaque
245 1816 356 1880 fraude
380 1817 525 1880 concidet
548 1817 671 1881 Paridis
694 1839 792 1882 soror.

88 1909 231 1991 fallatum
254 1906 317 1989 ipsi
339 1906 441 1969 levius
464 1904 526 1969 hoc
550 1906 696 1988 equidem
718 1929 805 1970 reor:

90 1996 229 2080 optanda
252 2016 339 2058 mors
362 1998 411 2057 est
434 1994 501 2058 sine
524 1999 613 2058 metu
635 1996 748 2060 mortis
771 1997 862 2060 mori.

90 2086 168 2169 quid
189 2085 275 2148 iussa
298 2105 400 2147 cessas
424 2083 538 2167 agere?
561 2085 601 2146 ad
624 2088 787 2148 auctorem
810 2085 893 2149 redit

90 2174 217 2239 sceleris
241 2173 343 2236 coacti
366 2173 467 2254 culpa.
494 2209 532 2218 -
558 2171 736 2237 Dardaniae
760 2174 874 2237 domus

91 2284 244 2350 generosa
266 2262 372 2346 virgo,
395 2262 509 2325 melior
531 2261 668 2325 afflictos
691 2263 767 2326 deus

90 2352 247 2435 respicere
271 2351 377 2434 coepit
399 2354 495 2432 teque
517 2350 604 2414 felici
626 2355 718 2434 parat

91 2442 201 2509 dotare
224 2440 380 2522 thalam03
403 2440 467 2502 tale
491 2439 676 2525 coniugium
699 2440 760 2504 tibi

90 2551 157 2594 non
178 2531 248 2613 ipsa
272 2548 380 2611 sospes
403 2527 511 2610 Troia,
534 2549 601 2591 non
622 2527 768 2592 Priamus
792 2528 889 2592 daret.

90 2642 165 2684 nam
188 2623 220 2682 te
243 2617 396 2701 Pelasgae
418 2617 595 2680 maximum
618 2618 723 2702 gentis
747 2618 856 2698 decus,

91 2709 144 2772 cui
165 2730 264 2794 regna
288 2706 393 2789 campi
415 2707 480 2769 lata
503 2705 677 2770 Thessalici
700 2710 825 2790 patent,

91 2798 132 2860 ad
155 2801 264 2861 sancta
286 2796 362 2859 lecti
384 2796 454 2858 iura
476 2795 614 2879 legitimi
637 2796 726 2878 petit.

91 2890 124 2950 11
146 2907 263 2971 magna
286 2884 407 2967 Tethys
429 2887 525 2966 teque
547 2887 598 2948 tot
620 2885 727 2969 pelagi
750 2885 827 2948 deae

91 2975 317 3058 placidumque
340 2995 459 3036 numen
481 2973 628 3055 aequoris
651 2974 767 3037 tumidi
790 2972 901 3036 Thetis

164 3135 215 3183 816
234 3129 358 3183 breuiter
376 3130 455 3183 rachi
455 3130 524 3183 ntho
543 3137 565 3182 Ε
587 3128 712 3183 iacintho
730 3135 753 3182 A
776 3128 890 3183 acintho
908 3145 929 3182 τ
952 3131 961 3198 11
986 3134 1025 3180 851

94 3200 389 3270 111111186111111.
414 3202 535 3270 om.Ag.
560 3200 1025 3268 1,Η1111)1111.171.16611111

94 3289 113 3325 α
122 3273 314 3340 Pseudoprobo
323 3272 357 3337 cf.
365 3274 455 3339 praef.
464 3289 523 3340 cop
528 3274 568 3326 ΙΙ
577 3275 651 3341 11885
661 3288 761 3340 parare
770 3272 917 3326 1111111111
926 3272 964 3324 N.
973 3272 1025 3326 Her

91 3348 190 3413 p156
206 3344 290 3410 (11.1.
306 3347 375 3410 898)
390 3344 464 3411 11868
483 3342 1016 3413 1111111111111111111111111111889

93 3431 144 3469 om.
163 3420 185 3466 E
212 3417 221 3483 11
249 3419 301 3467 870
319 3415 446 3468 auctores
464 3420 487 3467 A
509 3418 519 3484 11
541 3421 594 3468 872
612 3414 713 3468 melius
731 3421 753 3466 Ε
776 3417 785 3483 11
809 3419 859 3466 877
876 3419 940 3481 post
958 3418 1012 3466 678

93 3486 248 3625 SpoLbodaIss
261 3491 313 3539 878
327 3484 381 3539 tibi
396 3485 511 3557 Bentley
526 3488 531 3557 1
546 3486 641 3540 iacent
653 3491 677 3538 A
690 3488 699 3556 11
714 3491 765 3539 879
779 3482 885 3539 th'ethis
897 3490 918 3536 Ε
932 3486 942 3554 11
957 3490 1011 3539 880

94 3574 109 3612 1
172 3573 201 3612 11
251 3561 286 3611 35
