2394 3990
120 215 187 281 246
442 212 813 268 nsnrnmsnrncnn

345 357 438 423 Licet
459 381 549 423 arma
571 363 686 423 vacent
708 363 895 443 cessentque
919 360 1000 444 doli,

279 448 389 513 sidunt
411 449 483 532 ipso
506 448 647 531 pondere
669 469 787 534 magne

281 537 429 620 ceditque
452 538 542 601 oneri
564 535 708 601 Fortuna
730 558 798 602 suc.

279 627 351 690 vels
374 626 521 690 secundis
543 625 656 690 inflatu
677 626 764 690 notis

279 719 394 779 ventos
416 714 553 778 nimium
575 715 712 779 timuere
732 735 818 798 suos,

280 802 420 867 nubibus
443 803 523 887 ipsis
545 804 665 868 inserta
688 807 786 887 ceput

280 892 378 956 turris
401 892 514 976 pluvio
536 891 669 975 vapulat
691 890 827 974 Austro,

282 981 459 1064 densasque
481 1002 595 1045 nemus
618 1002 772 1065 spargens
793 981 925 1046 umbras

280 1090 402 1134 annosa
423 1069 511 1134 videt
533 1069 650 1134 robore
672 1070 792 1155 frange
1107 1087 1139 1136 01

280 1157 401 1222 feriunt
423 1159 526 1222 celsos
551 1158 688 1222 fulmina
710 1159 819 1242 colles,

281 1267 416 1330 corpora
439 1247 560 1312 morbis
583 1248 705 1311 maiora
727 1250 854 1331 patent,

280 1339 313 1400 et
336 1356 409 1399 cum
432 1337 467 1400 in
489 1341 601 1420 pastus
624 1340 769 1400 armentu
791 1357 891 1422 vegos

281 1424 358 1488 vilia
381 1429 525 1507 currant,

282 1513 389 1596 placet
412 1513 447 1576 in
469 1514 586 1578 vulnus
609 1513 750 1576 maxims
773 1512 889 1577 cervix.

347 1600 508 1685 Quicquid
530 1603 565 1666 in
587 1602 690 1666 altum
711 1600 857 1666 Fortuna
879 1602 970 1685 tulit,

279 1691 404 1754 ruitura
426 1692 520 1755 levet.
566 1690 700 1755 modicis
722 1691 818 1755 rebus

279 1779 409 1864 longius
433 1801 547 1843 aevum
571 1784 633 1844 est:
655 1778 735 1843 felix
757 1779 881 1844 medice

280 1868 426 1951 quisquis
449 1869 562 1933 turbae
585 1872 671 1933 sorte
695 1868 823 1952 quietus

280 1978 358 2020 uurc
381 1957 512 2042 stringit
533 1956 631 2022 litora
653 1960 725 2021 tutu

279 2045 476 2128 timidusque
499 2047 580 2110 mari
604 2046 730 2110 credere
754 2046 903 2111 cumbam

279 2155 369 2198 remo
392 2139 493 2199 terras
516 2134 668 2219 propiore
690 2134 779 2220 legit.

370 2379 687 2446 GLYTEMESTRA
722 2380 892 2447 NVTRIX

188 2504 285 2589 Quid,
309 2505 416 2592 segnis
439 2506 559 2588 anime,
581 2510 653 2571 tutu
676 2506 811 2571 consilia
834 2507 980 2590 expetis?

121 2595 199 2679 quid
221 2595 409 2660 fluctuaris?
433 2593 541 2660 clausa
563 2595 629 2659 iem
651 2595 766 2659 melior
788 2596 841 2660 viu
863 2600 926 2662 est:

120 2685 214 2749 licuit
236 2684 370 2768 pudicos
395 2684 541 2768 coniugis
566 2685 728 2767 quondum
750 2689 840 2750 toros

122 2778 155 2838 et
177 2777 304 2857 sceptra
327 2778 415 2838 casta
437 2773 534 2837 vidua
557 2773 657 2838 tutari
679 2773 743 2837 fide
762 2810 805 2820 -

121 2862 243 2946 periere
266 2883 371 2927 mores
395 2862 445 2928 ius
468 2862 564 2928 decus
588 2863 690 2946 pietas
714 2861 792 2927 fides

121 2956 154 3015 et
177 2951 233 3033 qui
255 2951 358 3015 redire
382 2971 456 3015 cum
479 2952 564 3035 perit
585 2951 688 3016 nescit
710 2951 828 3036 pudor3

123 3038 163 3103 du
185 3038 276 3103 frenc
299 3044 331 3105 et
355 3061 483 3104 omnem
506 3061 608 3124 prona
630 3040 807 3123 nequitiam
831 3039 943 3105 incita:

122 3148 180 3210 per
202 3128 322 3192 scelera
345 3151 470 3213 semper
493 3128 665 3194 sceleribus
688 3132 796 3194 tutum
820 3133 868 3194 est
891 3129 960 3194 iter.
1090 3145 1140 3195 115

15 3256 20 3297 ÷
122 3219 229 3279 tecum
252 3216 323 3299 ipsu
345 3238 432 3282 nunc
455 3219 566 3282 evolve
589 3217 745 3283 femineos
769 3218 875 3301 dolos,

164 3495 170 3509 ·
193 3429 226 3477 07
246 3426 346 3509 petent
360 3429 386 3496 (e
400 3429 418 3481 i.
434 3429 499 3497 ras.)
518 3430 563 3497 ΕΙΙ
576 3433 625 3481 100
642 3429 724 3496 putet
741 3427 983 3498 accelerans
1001 3427 1050 3484 fel.
1065 3428 1141 3508 quis·

122 3512 186 3565 qurs
200 3497 310 3551 medice
324 3499 344 3552 t.
358 3504 380 3551 11
394 3501 403 3569 fl
417 3504 466 3551 104
480 3501 561 3568 parte
575 3504 598 3552 Δ
611 3501 621 3569 ΙΙ
634 3503 683 3552 100
695 3498 788 3553 anime
803 3501 829 3570 (e
838 3500 857 3554 ι’.
866 3501 933 3570 ras)
946 3504 970 3555 1
981 3501 994 3573 l
1005 3503 1049 3555 111
1060 3501 1140 3557 uest·

121 3566 219 3624 iuncta
236 3571 282 3639 ΔΗ
296 3573 340 3623 ns
359 3569 449 3624 nescit
468 3586 491 3625 c.
510 3588 538 3639 p.
557 3571 614 3623 m)
999 3596 1020 3631 ·,

963 3676 983 3707 '·'·
998 3670 1028 3715 ci.

950 3740 957 3751 .
967 3714 1069 3751 ΜΞΝ-τ·
