2394 3990
89 112 154 176 228
413 111 443 164 L.
458 109 599 164 ANNAEI
618 107 781 165 SENECAE

87 257 239 322 dimissus
262 255 343 319 odit:
367 276 461 320 omne
485 255 572 339 quod
595 254 729 319 dubium
753 258 803 319 est
826 254 927 320 eadat.

89 362 140 410 011.
164 344 218 411 Sic
242 344 314 408 odia
336 343 428 408 fiunt.

371 448 451 497 ooo.
475 430 556 496 Odia
579 433 635 516 qui
657 432 793 496 nimium
817 432 911 496 timet

87 543 220 606 regnare
243 521 358 585 nescit:
381 543 481 606 regna
503 521 644 586 custodit
666 525 780 585 metus.

89 627 140 674 cr.
164 608 226 685 Qui
249 611 376 692 sceptra
398 608 479 674 duro
502 630 616 674 saevus
639 609 774 693 imperio
796 609 895 695 regit,

88 700 181 762 timet
203 697 366 762 timentes:
390 703 494 762 motus
517 698 553 761 in
575 701 739 762 auctorem
760 697 853 762 redit.

88 804 168 851 oleo.
193 785 324 851 Servate
347 790 473 851 sontem
496 807 592 850 saxeo
615 787 775 850 inclusum
798 807 904 870 specu.

88 876 156 959 ipse
180 875 220 938 ad
242 879 374 960 penates
397 876 504 961 regios
526 875 661 939 referem
686 875 830 960 gradum.

508 1085 681 1152 OHORVS

313 1209 390 1275 Non
412 1215 448 1274 tu
471 1211 570 1276 tantis
594 1231 689 1274 eausa
711 1209 855 1294 pericho,

246 1320 313 1363 non
334 1299 410 1363 hino
432 1298 631 1365 Labdacidos
654 1302 769 1382 petunt

246 1389 326 1471 fata,
349 1387 404 1451 sed
427 1392 549 1452 veteres
572 1388 667 1452 deum

250 1477 316 1539 irae
340 1479 502 1540 secuntur:
526 1475 702 1540 Castalium
724 1497 837 1540 nemus

248 1565 396 1628 umbram
420 1562 553 1629 Sidonio
576 1565 725 1648 praebuit
746 1564 870 1648 hospiti

247 1653 390 1736 lavitque
413 1651 508 1718 Dirce
531 1652 647 1736 Tyrios
670 1653 816 1737 cotoneo,

248 1746 285 1805 ut
307 1741 448 1824 primum
471 1743 581 1827 magni
602 1745 697 1806 notus
716 1740 876 1827 Agenoris

245 1830 349 1894 fessus
372 1851 430 1913 per
451 1829 563 1894 urbem
586 1830 673 1894 furta
696 1830 787 1914 sequi
809 1828 910 1913 Iovis,

250 1918 309 1981 sub
332 1921 444 1981 nostre
466 1918 601 2000 pavidus
625 1919 770 1983 constitit
793 1920 906 1985 arbore

247 2005 441 2090 praedonem
464 2028 618 2071 venerans
642 2029 736 2071 suum

247 2095 436 2176 monituque
460 2094 584 2160 Phoebi

247 2184 353 2247 iussus
378 2184 497 2247 erranti
520 2205 627 2248 eomes
651 2184 697 2248 ire
718 2205 847 2268 vaceae,
1050 2200 1097 2249 710

248 2293 345 2354 quem
367 2293 433 2335 non
456 2272 589 2336 flexerat

245 2381 356 2424 vomer
378 2364 435 2424 aut
456 2361 540 2425 tardi
563 2362 640 2446 iuga
663 2382 759 2425 curva
781 2361 934 2446 plaustri,

249 2447 389 2512 deseruit
411 2448 505 2535 fuges
528 2470 709 2533 nomenque
732 2451 821 2535 genti

249 2537 448 2620 inauspicata
471 2537 509 2602 de
532 2538 615 2602 bove
637 2537 779 2603 tradidit.

315 2625 472 2708 Tempore
495 2649 534 2689 ex
558 2625 615 2690 illo
637 2647 721 2690 nova
743 2631 889 2691 monstra
911 2649 1039 2710 semper

246 2713 383 2798 protulit
406 2715 515 2778 tellus:
1053 2732 1103 2780 725

247 2807 303 2866 aut
327 2802 441 2887 anguis
464 2801 538 2866 imis
561 2801 699 2867 vallibus
723 2802 828 2867 editus

246 2911 367 2954 annosa
391 2912 488 2974 supra
510 2891 629 2955 robora
652 2891 762 2955 sibilat

157 3033 210 3080 ⁷02
230 3045 311 3082 omne
331 3028 391 3082 odit
410 3033 446 3081 Ar
476 3032 479 3097 Ι
509 3029 723 3097 quod,dubium
745 3032 869 3098 putatt
892 3031 970 3098 quod
990 3029 1103 3084 obvium

86 3099 128 3152 est
147 3100 194 3151 eat
210 3104 232 3150 Ε
251 3115 318 3152 corr.
336 3100 393 3155 Leo
410 3102 420 3169 tt
438 3101 471 3154 de
490 3101 602 3155 metrica
620 3117 746 3156 versuum
764 3105 905 3154 709-787
924 3103 1017 3169 forma
1040 3103 1104 3156 vide

85 3185 170 3238 supra
188 3167 226 3222 ad
243 3186 266 3223 o.
281 3174 336 3224 403
362 3172 372 3239 ΙΙ
398 3176 447 3224 710
465 3188 521 3225 non
539 3171 610 3225 haee
628 3188 656 3226 ω
675 3189 743 3226 corr.
761 3172 818 3227 Leo
834 3174 837 3241 Ι
854 3172 884 3224 L.
904 3174 1039 3242 premunt
1057 3176 1080 3225 Δ
1095 3173 1104 3244 Η

86 3245 133 3292 717
153 3240 282 3294 consistit
297 3248 319 3293 11
336 3244 339 3309 Ι
356 3241 407 3294 sub
426 3245 538 3296 nostroe
557 3242 642 3296 ramis
662 3243 790 3296 constitit
809 3242 916 3296 arboris
931 3247 954 3296 Δ
968 3246 1041 3313 11711
1061 3261 1102 3314 pr.

85 3328 110 3365 v.
130 3311 214 3364 deum
231 3311 264 3365 ei.
284 3313 396 3366 Richter
417 3314 427 3381 11
446 3318 496 3366 721
515 3313 545 3377 Q.
565 3331 592 3367 n.
611 3313 630 3367 f.
650 3331 674 3366 v.
695 3330 719 3368 a.
739 3317 759 3368 t.
778 3313 781 3386 Ι
798 3314 816 3368 i.
836 3331 859 3368 e.
879 3331 907 3383 p.
928 3320 949 3366 E
969 3330 1039 3370 corr.
1060 3315 1105 3385 An

86 3388 139 3435 ‘125
154 3382 183 3436 P.
198 3385 218 3436 t.
234 3399 258 3436 o.
274 3399 298 3436 e.
314 3382 393 3508 Ἂν.
404 3399 427 3436 e.
438 3399 462 3437 a.
474 3402 495 3437 s.
502 3383 555 3507 iR'
572 3403 592 3438 s.
608 3403 628 3438 s.
639 3403 666 3454 p.
681 3392 703 3437 Ε
718 3402 785 3440 corr,
801 3385 846 3456 ΔΗ
865 3390 917 3438 7117
938 3401 964 3439 a.
985 3402 1104 3440 curvom

87 3455 153 3510 Birt
167 3472 197 3523 p.
212 3457 266 3509 555
284 3471 318 3509 ex
358 3455 410 3508 vid.
426 3455 468 3507 M.
484 3456 505 3508 I
519 3456 587 3509 193
