2394 3990
129 219 201 298 290¹
454 218 484 271 a.
499 215 641 269 murm
660 215 824 271 sennenn

127 368 251 429 vertere
274 363 414 427 vultum:
436 361 501 426 fiat
516 361 592 445 hoc,
614 361 672 426 fiat
694 361 783 425 nefas
1091 378 1145 428 aso

128 452 229 537 quod,
253 451 298 536 di,
321 450 451 514 timetis.
494 466 566 514 sun.
590 449 706 515 Facere
730 448 808 534 quid
830 450 961 513 tandem
983 451 1100 533 paras?

126 558 206 604 arn.
229 538 348 604 Nescio
373 538 450 622 quid
473 539 582 603 animo
604 538 709 602 maius
732 541 765 602 et
788 537 888 605 solito
907 538 1049 621 amplius

129 651 290 712 supraque
313 627 393 692 fines
416 627 515 692 moris
538 627 671 692 humani
694 630 798 690 tumet
1146 701 1149 706 Ι

128 718 291 800 instatque
314 716 416 801 pigris
438 716 587 781 manibus
609 753 647 762 -
668 715 755 780 haud
777 714 856 798 quid
879 715 922 779 sit
945 717 1027 800 scio,

127 807 183 870 sed
197 806 317 891 grande
331 803 483 888 quiddam
498 809 554 869 est.
587 805 634 869 ita
647 805 697 868 sit.
724 804 796 891 hoc,
810 804 925 887 animo,
940 826 1071 890 occupa
1091 823 1144 872 270

128 894 263 980 dignum
287 898 335 958 est
353 892 493 977 Thyeste
514 893 639 958 facinus
663 896 695 957 et
718 893 850 978 dignum
869 891 983 959 Atreo:

127 983 215 1066 quod
236 986 372 1066 uterque
393 982 500 1048 faciat.
545 981 627 1046 vidit
650 981 797 1045 infandas
821 981 936 1047 domus

126 1070 263 1154 Odrysia
284 1092 411 1135 mensas
430 1107 472 1118 -
492 1072 605 1154 fateor,
627 1071 767 1134 immane
790 1073 839 1134 est
862 1072 981 1154 scelus,
1006 1152 1007 1157 γ

126 1160 182 1224 sed
205 1163 410 1245 occupatum:
433 1159 537 1224 maius
560 1158 623 1224 hoc
646 1158 769 1242 aliquid
792 1158 884 1222 dolor

124 1249 276 1313 inveniat.
322 1249 465 1312 animum
487 1247 602 1312 Daulis
625 1247 747 1331 inspira
768 1269 883 1331 parens
1090 1265 1144 1315 275

125 1359 292 1422 sororque3
316 1340 483 1402 causaest
506 1336 634 1401 similis:
657 1336 770 1401 assiste
793 1339 826 1399 et
848 1357 980 1400 manum

124 1427 254 1510 impelle
276 1429 428 1502 nostram.
473 1425 592 1490 liberos
616 1425 728 1489 avidus
750 1428 843 1508 pater

125 1514 332 1601 gaudensque
354 1516 474 1579 laceret
497 1517 529 1578 et
551 1535 626 1577 suos
650 1517 738 1578 artus
761 1512 843 1577 edat.

124 1602 205 1667 bene
229 1606 291 1686 est,
314 1602 440 1667 abunde
464 1605 520 1667 est.
566 1602 620 1666 hio
642 1603 747 1685 placet
769 1622 892 1683 poenae
914 1601 1030 1666 modus

123 1692 289 1774 tantisper.
334 1691 467 1753 ubinam
490 1691 560 1752 est?
583 1694 651 1753 tam
674 1689 729 1752 diu
753 1708 810 1751 cur
832 1688 986 1754 innocens
1089 1707 1144 1757 280

125 1781 271 1843 versetur
288 1774 427 1841 Atreus?
451 1779 521 1841 tota
543 1777 608 1840 iam
632 1780 705 1841 ante
729 1777 840 1842 oculos
862 1798 951 1842 meos
1032 1842 1035 1846 ,

124 1868 232 1953 imago
257 1866 361 1930 caedis
385 1870 483 1948 errat,
506 1866 633 1952 ingesta
656 1865 777 1929 orbitas
847 1899 849 1906 s

124 1956 159 2019 in
182 1977 238 2020 ora
260 1955 360 2038 patris
379 1954 560 2037 -anime,
584 1953 662 2037 quid
684 1976 794 2019 rursus
817 1954 912 2019 times

123 2048 156 2109 et
180 2048 254 2108 ante
276 2066 344 2107 rem
369 2042 529 2108 subsidia?
553 2042 734 2106 audendum
758 2047 820 2126 est,
843 2064 916 2127 age:
984 2049 1006 2063 ”

124 2132 212 2216 quod
236 2136 284 2197 est
307 2133 345 2207 in
365 2132 438 2196 isto
451 2132 570 2196 scelere
592 2131 801 2216 praecipuum
823 2131 927 2215 nefas,
1088 2149 1142 2199 285

124 2221 188 2298 hoc
211 2221 280 2305 ipse
302 2222 407 2286 faciet.
454 2237 527 2285 sar.
551 2218 614 2284 Sed
637 2218 754 2302 quibus
778 2223 890 2303 captus
914 2219 1006 2300 dolis

123 2313 253 2374 nostros
277 2309 367 2374 dabit
388 2309 561 2393 perductus
584 2309 619 2371 in
640 2309 773 2391 laqueos
796 2308 932 2393 pedem?

122 2399 253 2462 inimica
276 2398 377 2463 credit
399 2402 529 2467 cuncta
567 2414 646 2460 Aru·
668 2395 746 2463 Non
768 2401 895 2482 poterat
917 2397 1004 2482 capi,

124 2487 194 2564 nisi·
211 2508 324 2570 capere
346 2487 452 2552 vellet.
497 2507 597 2572 regna
619 2506 705 2549 nunc
728 2489 835 2569 sperat
857 2507 941 2550 mea:

122 2575 183 2639 hac
207 2598 263 2659 spe
287 2575 424 2639 minanti
445 2574 570 2639 fulmen
593 2578 737 2639 occurret
759 2572 843 2657 Iovi,
1087 2592 1149 2641 290.

122 2663 183 2729 hac
206 2686 264 2747 spe
288 2663 411 2728 subibit
433 2663 572 2750 gurgitis
594 2663 711 2729 tumidi
733 2663 838 2726 minas

123 2753 322 2837 dubiumque
344 2751 486 2836 Libycae
509 2750 612 2836 Syrtis
636 2751 770 2816 intrabit
791 2752 926 2834 fretum,

123 2840 184 2905 hac
208 2864 278 2926 spe,
302 2840 389 2924 quod
412 2863 480 2911 esse
503 2841 680 2905 maximum
702 2844 791 2904 retur
812 2840 947 2922 malum,

19 2940 22 2945 '
122 2930 253 2995 fratrem
277 2930 408 2994 ridebit.
455 2945 528 2998 sar,
553 2927 631 3004 Quis
653 2929 751 2993 fidem
773 2929 862 3012 pacis
886 2926 998 2992 dabit?

11 3032 16 3053 ·“
121 3020 175 3083 cui
196 3023 288 3083 tanta
310 3017 439 3083 credet?
470 3035 550 3082 arn.
569 3015 705 3082 Credula
723 3021 772 3082 est
796 3039 868 3102 spes
892 3016 1050 3100 improba.
1091 3035 1142 3083 aas

193 3180 245 3228 225
264 3176 374 3228 uertere
392 3174 501 3228 nullum
519 3180 540 3226 Ε
564 3177 573 3244 ss
596 3180 647 3228 227
668 3174 824 3228 enimuero
843 3188 912 3227 corr.
927 3172 985 3228 Leo
1002 3175 1012 3243 ΙΙ
1032 3180 1086 3228 222
1106 3175 1142 3230 ti·

122 3282 223 3333 metA
254 3282 263 3350 ΙΙ
295 3259 477 3335 accinimus
495 3281 531 3333 Ε1
560 3283 569 3350 ΙΙ
601 3286 654 3333 270
673 3280 766 3334 anime
784 3279 919 3349 incipeA
949 3281 959 3349 {t
991 3284 1046 3334 272
1064 3281 1142 3348 quod

123 3356 173 3406 om.
189 3352 302 3420 211274
322 3351 424 3418 aliquit
441 3354 552 3422 211275
572 3351 697 3405 animum
715 3351 796 3421 gnati
809 3355 832 3403 Δ
845 3353 854 3420 ΙΙ
868 3355 921 3404 276
940 3367 1019 3404 soror
1037 3353 1082 3404 ost
1100 3356 1142 3404 Δτ

123 3438 234 3476 sororve
252 3423 369 3492 Bentley
399 3424 408 3492 ΙΙ
440 3429 492 3476 277
513 3426 657 3492 parensA
688 3424 697 3491 ΙΙ
728 3422 805 3476 2222.
819 3427 885 3476 223·
903 3421 971 3491 (ing.
988 3453 1022 3462 —
1038 3423 1141 3493 patris)

120 3495 241 3562 om.A11
264 3498 316 3546 222
335 3493 481 3562 poteritA
503 3496 512 3564 u
535 3499 588 3547 220
603 3500 666 3564 post
683 3509 707 3547 o.
723 3498 775 3547 222
794 3499 816 3545 E
835 3496 907 3562 (post
924 3508 948 3547 o.
964 3497 1019 3546 222
1036 3509 1141 3563 pomn-

118 3564 186 3619 dcm
203 3565 448 3636 abacosque)
492 3595 495 3602 ·
558 3618 560 3623 ,
