2394 3990
489 220 642 275 OEDIPVS

59 365 162 429 invite
185 364 316 448 loquere
340 369 435 451 gnate
455 387 581 448 —quo
606 367 723 430 avertis
746 372 844 450 caput

58 474 243 537 vacuosque
265 453 397 518 vultus?

333 558 414 606 000.
437 540 515 617 Quis
537 542 602 606 frui
623 544 764 607 tenebris
787 544 896 609 vetat?

60 632 133 714 quis
156 629 261 694 reddit
283 630 416 696 oculos?
438 631 565 713 matris,
588 653 628 694 en
651 633 763 696 matris
787 635 899 697 sonus!

57 719 256 803 perdidimus
280 739 418 802 operam.
463 720 616 804 congredi
637 720 687 784 fas
710 722 848 804 amplius

58 807 140 872 haut
162 811 218 872 est.
264 807 419 872 nefandos
442 808 564 872 dividat
586 812 713 873 vastum
736 832 824 873 mare
861 862 864 868 .
1005 826 1073 875 1015

59 896 254 980 dirimatque
277 897 373 960 tellus
396 896 506 961 abdita
529 900 562 961 et
585 898 731 981 quisquis
755 899 814 962 sub
837 898 901 964 hoc

58 985 93 1048 in
116 983 312 1049 alioversus
336 984 439 1048 sidera
462 1006 499 1049 ec
522 985 623 1049 solem
646 987 753 1049 avium

59 1072 218 1157 dependet
241 1072 327 1137 orbis
351 1075 487 1138 alterum
511 1096 550 1138 ax
572 1074 667 1138 nobis
690 1075 780 1139 ferat.

59 1178 127 1226 loc.
150 1161 223 1226 Fati
246 1162 310 1226 ista
332 1163 426 1246 culpa
448 1166 510 1228 est:
533 1183 628 1226 nemo
651 1163 690 1226 fit
710 1163 778 1227 fato
801 1184 928 1228 nocens.

59 1267 141 1314 000.
164 1248 234 1315 1010
257 1272 352 1333 parce
374 1250 494 1335 verbis,
517 1255 628 1333 mater,
652 1255 683 1314 et
705 1247 799 1334 parce
823 1252 967 1316 auribus:
1005 1269 1074 1318 1020

58 1361 118 1422 per
140 1340 199 1403 hes
222 1340 374 1423 reliquias
393 1340 536 1422 eorporis
559 1341 667 1403 trunci
689 1343 778 1423 peto,

59 1449 118 1510 per
140 1428 378 1511 inauspicatum
401 1429 568 1512 sanguinis
590 1428 709 1513 pignus
732 1430 810 1511 mei,

59 1538 117 1600 per
141 1538 236 1580 omne
258 1517 362 1580 nostri
384 1517 525 1580 nominis
547 1517 596 1580 fas
620 1537 657 1580 ec
679 1517 777 1581 nefas.

59 1621 127 1668 100.
152 1603 248 1689 Quid,
272 1606 389 1689 anime,
412 1605 542 1688 torpes?
566 1605 653 1670 socia
676 1627 733 1669 cur
755 1606 912 1670 scelerum
935 1606 1008 1670 dare

58 1714 180 1777 poenes
202 1694 350 1758 recusas?
375 1715 469 1758 omne
493 1695 663 1757 confusum
686 1695 783 1779 perit,
1005 1710 1073 1759 1025

59 1783 195 1865 1000010,
218 1804 276 1866 per
297 1786 329 1846 te
353 1782 432 1846 iuris
455 1782 588 1846 humani
612 1783 720 1847 decus:

59 1891 183 1933 morere
206 1874 239 1933 et
260 1871 421 1934 nefastum
444 1871 594 1954 spiritum
616 1871 701 1935 ferro
725 1872 826 1956 exige.

59 1979 126 2022 non
149 1959 176 2022 ri
199 1960 268 2042 ipse
290 1959 447 2023 mundum
471 1960 635 2024 concitans
659 1959 768 2023 divum
791 1963 879 2024 sator

60 2067 191 2111 corusce
214 2069 309 2111 saevo
329 2047 395 2113 tela
417 2047 575 2112 iaculetur
596 2070 707 2126 manu,

58 2157 213 2217 umquem
235 2137 408 2220 rependam
431 2136 604 2201 sceleribus
628 2159 747 2220 poenas
771 2159 864 2221 pares
1005 2153 1074 2202 1030

59 2228 163 2288 100101
185 2223 330 2288 nefanda.
376 2246 463 2289 mors
486 2226 604 2309 placet:
628 2226 741 2290 mortis
764 2227 817 2289 via

60 2315 239 2395 quaeretur.
286 2314 435 2400 agedum,
459 2315 628 2379 commoda
650 2315 746 2377 matri
769 2336 914 2397 manum,

59 2401 88 2465 si
110 2401 270 2484 parricida
293 2423 334 2466 es.
379 2407 480 2467 restat
501 2403 564 2466 hoc
587 2424 700 2486 operae
723 2403 887 2467 ultimum:

59 2490 205 2572 rapiatur
227 2491 325 2576 ensis3
348 2491 411 2556 hoc
433 2491 517 2556 iacet
538 2491 624 2555 ferro
648 2513 737 2555 meus

60 2579 202 2644 coniunx
221 2580 361 2663 -quid
384 2581 476 2644 illum
498 2581 630 2644 nomine
652 2579 739 2644 haud
757 2600 833 2642 vero
852 2577 969 2643 vocas?
1005 2592 1073 2642 1035

60 2687 152 2731 socer
176 2671 232 2732 001.
278 2673 428 2733 utrumne
451 2669 574 2752 pectori
596 2669 730 2754 infigam
753 2688 825 2730 meo

60 2756 163 2818 telum
186 2778 228 2820 an
250 2756 374 2840 patenti
397 2757 562 2821 conditum
585 2757 698 2842 iugulo
721 2755 915 2838 imprimam?

61 2842 180 2929 eligere
201 2846 306 2909 nescis
329 2846 460 2910 vuinus:
482 2845 583 2928 hunc,
607 2845 731 2928 dextra,
753 2843 839 2907 hunc
861 2846 934 2926 pete

60 2936 189 2997 uterum
213 2954 375 3016 capacem,
399 2934 456 3017 qui
477 2934 583 2998 virum
607 2938 639 2997 et
661 2937 777 3018 gnatos
799 2931 883 2995 tulit.

62 3038 164 3086 01100.
187 3020 275 3087 Iacet
297 3024 471 3106 perempta.
512 3021 637 3085 vulneri
660 3021 842 3085 immoritur
864 3039 977 3082 manus
1006 3035 1075 3084 1040

132 3217 192 3265 1011
209 3212 327 3268 1101011ἰο
346 3230 393 3268 010
412 3216 479 3268 11010
496 3218 519 3266 A
536 3216 540 3283 Ι
556 3212 678 3266 advertis
696 3219 718 3264 Ε
745 3215 754 3281 ΙΙ
781 3216 845 3264 1012
863 3210 920 3264 frui
938 3213 967 3264 et
985 3213 1005 3264 t.
1025 3215 1048 3263 A
1071 3213 1076 3280 Ι

60 3287 233 3339 1010010101
251 3300 288 3338 an
306 3303 342 3338 m.
359 3302 378 3338 0.
394 3289 417 3338 A
435 3287 444 3354 ΙΙ
467 3290 530 3337 1021
548 3287 582 3338 tr.
597 3299 695 3352 precor
712 3287 735 3335 A
755 3284 764 3351 ΙΙ
789 3287 855 3334 1020
875 3284 904 3335 01
922 3281 1002 3335 nefas
1020 3292 1048 3346 ψ
1072 3280 1076 3353 1

60 3360 128 3409 1020
147 3371 229 3409 01000
248 3356 289 3410 010
306 3361 328 3407 Ε
344 3358 348 3425 Ι
365 3357 514 3409 contusum
531 3361 552 3408 Ε
567 3358 576 3424 ΙΙ
590 3359 657 3407 1020
675 3354 783 3407 incerte
801 3357 824 3405 A
849 3355 858 3421 d
880 3358 946 3405 1027
967 3351 1016 3406 sed
1034 3356 1075 3404 At

60 3428 91 3480 01
108 3428 236 3496 0111022
255 3426 309 3479 div.
324 3429 407 3496 peter
427 3430 450 3478 A
463 3428 473 3494 d
486 3431 554 3478 1020
573 3440 701 3480 00110000
718 3426 763 3493 Eu
777 3429 842 3477 1000
864 3423 942 3494 operi
957 3440 986 3478 ω
1007 3438 1074 3477 corr.

60 3497 196 3552 Bdchelcr
219 3499 229 3566 ΙΙ
256 3501 322 3550 1000
342 3497 444 3552 0001011
461 3502 483 3549 Ε
506 3499 515 3565 ΙΙ
538 3502 604 3549 1000
624 3511 734 3550 000010
754 3498 882 3564 stuprum
899 3496 1074 3562 00011100-

59 3571 121 3623 tore
139 3572 177 3621 Af
193 3570 203 3637 ΙΙ
221 3573 287 3621 1000
306 3567 457 3636 Fligerez
480 3569 489 3637 ΙΙ
511 3572 578 3620 1000
597 3567 646 3636 qui
664 3569 774 3637 patrem
793 3569 822 3621 et
840 3567 942 3637 gnatos
962 3564 1079 3629 Bouttcu
