2394 3990
511 218 680 274 TROADES

88 389 200 432 aerum
224 368 354 430 senecta
377 365 491 429 ducere
514 386 552 428 ac
575 364 659 448 Pylii
683 369 767 431 senis

88 455 310 521 transcendere
334 476 449 536 annos,
471 456 561 519 exuit
584 457 695 519 matris
719 457 809 522 dolos

90 548 248 629 falsasque
272 548 392 625 vestes,
414 544 519 607 fassus
544 548 592 607 est
615 546 712 609 armis
736 548 861 610 virum?

91 634 278 718 inhospitali
300 631 462 715 Telephus
485 655 584 718 regno
608 635 782 718 impotens,

92 726 162 788 dum
186 722 312 806 Mysiae
335 722 451 786 ferocis
471 723 626 786 introitus
649 729 759 808 negat,

92 814 198 877 rudem
222 833 336 875 cruore
358 812 447 896 regio
472 811 616 875 dextram
640 813 757 876 imbuit

94 904 269 983 fortemque
292 900 425 963 eandem
449 901 548 964 sensit
572 905 603 964 et
626 902 737 965 mitem
761 926 901 966 manum.

51 1008 53 1063 ζ
96 992 228 1055 cecidere
252 989 395 1072 Thebae,
417 990 499 1053 vidit
521 989 641 1053 Eetion
664 993 736 1074 capi

51 1076 53 1105 ²
98 1102 148 1144 sua
167 1101 270 1165 regna
291 1079 411 1161 victus3
435 1079 523 1142 clade
548 1080 700 1143 subversa
722 1084 772 1144 est
794 1083 863 1164 pari

51 1112 56 1237 i
99 1169 237 1252 apposita
260 1169 346 1231 celso
370 1190 468 1251 parva
490 1167 650 1252 Lyrnesos
673 1169 764 1254 iugo,

51 1254 58 1335 ¹:
102 1262 245 1341 captuque
268 1259 365 1320 tellus
387 1257 506 1320 nobilis
529 1257 673 1321 Briseide

105 1351 241 1410 eteausa
263 1347 332 1410 litis
354 1347 485 1431 regibus
509 1344 630 1430 Chryse
653 1347 735 1411 iacet

107 1440 131 1498 et
148 1441 221 1499 nota
244 1437 331 1499 fama
353 1434 498 1499 Tenedos
522 1440 554 1498 et
577 1457 658 1518 quae
681 1458 800 1519 pascuo

108 1524 226 1588 {munda
248 1526 363 1610 pingui
386 1523 539 1587 Thracios
562 1526 665 1589 nutrit
688 1548 801 1610 greges

112 1610 209 1696 Scyros
231 1615 414 1696 fretumque
437 1613 560 1677 Lesbos
583 1613 747 1700 Aegaeum
772 1636 881 1678 secans

112 1705 136 1764 et
152 1723 218 1766 cara
240 1701 371 1767 Phoebo
396 1700 492 1786 Oula
516 1703 592 1785 quid
618 1726 696 1785 quas
720 1705 814 1766 alluit

114 1793 196 1855 remis
220 1790 344 1876 Caycus
368 1792 530 1876 gurgitem
553 1793 704 1856 attollens
727 1794 861 1874 aquis?-

115 1877 173 1943 haec
192 1885 282 1945 tanta
306 1881 410 1944 clades
435 1881 581 1966 gentium
604 1902 640 1944 ac
663 1886 772 1945 tantus
796 1904 904 1965 pavor,

115 1988 219 2050 sparsae
241 1974 292 2034 tot
314 1969 409 2034 urbes
433 1971 571 2034 turbinis
594 1972 678 2033 vasti
702 1972 796 2035 modo

115 2057 220 2123 alterius
244 2063 328 2123 esset
351 2059 454 2144 gloria
478 2080 514 2122 ac
538 2081 697 2122 summum
723 2061 831 2123 decus:

115 2143 158 2210 iter
177 2154 222 2213 est
245 2147 397 2232 Achillis3
421 2149 466 2211 sic
489 2171 580 2211 mens
603 2150 691 2211 venit
714 2154 805 2232 pater

114 2238 235 2302 ettanta
258 2239 359 2323 gessit
381 2238 479 2319 bella,
503 2239 579 2300 dum
602 2239 723 2301 bellum
747 2244 846 2321 parat.

112 2327 138 2386 ut
155 2328 212 2390 elia
236 2327 348 2390 sileam
372 2327 500 2408 merita,
522 2348 588 2390 non
610 2349 694 2390 unus
718 2329 795 2390 satis

111 2407 211 2479 hector
233 2416 369 2479 fuisset?
392 2414 488 2478 ilium
511 2416 590 2480 vicit
613 2421 712 2498 pater,

109 2521 151 2567 ros
172 2506 322 2569 diruistis.
369 2506 496 2568 inclitas
519 2506 629 2568 laudes
652 2507 741 2568 iuvat

109 2596 131 2655 et
149 2595 231 2658 facta
253 2595 365 2679 magni
388 2595 474 2657 01212
497 2594 651 2678 genitoris
676 2596 778 2676 sequi:

106 2679 189 2747 iacuit
212 2688 398 2768 peremptus
421 2682 544 2747 Hector
566 2685 639 2746 ante
664 2685 773 2747 oculos
797 2685 897 2766 patris

103 2773 261 2856 patruique
284 2771 451 2854 Memnon,
474 2774 565 2836 cuius
590 2773 630 2835 ob
653 2773 777 2836 luctum
801 2795 914 2856 parens

99 2863 230 2943 pallente
253 2866 411 2926 maestum
434 2863 571 2944 protulit
593 2863 684 2925 vultu
709 2863 805 2944 diem3

99 2953 203 3035 suique
227 2951 332 3016 vietor
355 2952 459 3035 operis
484 2953 666 3034 exemplum
689 2951 814 3014 horruit

96 3040 266 3124 didicitque
289 3039 433 3104 Achilles
458 3044 489 3104 et
512 3040 570 3104 dea
593 3045 686 3103 natos
709 3041 800 3102 mori.

94 3133 157 3195 tum
183 3152 279 3194 saeva
301 3127 447 3193 Amazon
469 3129 603 3193 ultimus
628 3129 743 3193 cecidit
765 3134 878 3192 metus.

160 3311 211 3358 212
227 3321 283 3358 sen.
300 3305 402 3374 degere
416 3309 440 3356 A
456 3308 459 3373 1
475 3305 578 3373 pylliE
593 3307 601 3373 11
616 3309 664 3356 219
679 3303 750 3356 vidit
765 3306 793 3356 et
807 3303 923 3373 longapi
937 3310 957 3355 E
972 3322 994 3355 v.
1007 3304 1105 3356 echion

90 3378 129 3432 cel
146 3376 246 3431 ethion
261 3378 370 3445 111221
389 3376 523 3444 imposita
537 3376 643 3430 Socioer
657 3377 665 3444 11
680 3381 733 3427 226
749 3382 812 3443 post
829 3394 852 3428 c.
866 3381 917 3427 205
934 3377 1106 3443 1100112211

90 3454 142 3502 223
164 3464 246 3502 sacra
264 3447 377 3501 Phoebo
396 3453 433 3499 Δτ
453 3449 641 3514 (0100111011
663 3446 743 3499 scilla
762 3452 798 3498 Ατ
820 3449 829 3514 11
853 3452 905 3498 228
926 3445 1038 3499 calchas
1058 3452 1078 3496 E
1097 3446 1105 3497 1

87 3525 142 3574 232
162 3520 240 3573 Inter
263 3521 307 3572 est
329 3523 366 3570 Av
390 3518 732 3589 (020.Α9.11110111111ψ
755 3522 763 3585 11
788 3522 839 3570 237
860 3521 887 3570 et
911 3518 987 3571 clara
1010 3516 1105 3584 magni

87 3591 169 3646 facta
187 3593 301 3659 Δ11233
320 3606 441 3644 mennon
460 3593 577 3658 1011243
596 3592 658 3642 tum
677 3605 755 3643 versa
774 3589 806 3641 Α.
822 3607 847 3640 u.
864 3606 885 3641 0.
901 3589 985 3641 timor
1004 3593 1025 3639 A
