2376 3984
127 225 179 278 xx
519 212 736 282 'PRAEFATIO

127 376 318 436 stantissimis
336 379 445 436 veteris
463 377 559 437 Italae
579 377 713 452 testibus,
732 378 953 456 Augustam,
970 379 1144 440 Vadianum

128 458 169 546 (R
182 468 223 524 10
241 466 296 544 Ag.
311 458 476 548 V=A(2l).
513 465 570 535 Qui
593 468 734 542 quoniam
756 469 788 525 tn
811 469 888 527 veris
912 471 942 527 et
964 468 1143 530 indubitatis

126 554 301 630 plerumque
320 573 387 614 cum
405 559 436 613 Σ
452 556 648 630 consentiunt,
666 557 698 613 in
719 555 817 615 dubiis
840 558 913 616 locis
937 558 1143 619 emendatiora

125 643 207 702 haud
228 662 296 703 raro
319 644 372 703 illo
396 645 558 720 exemplari
579 645 736 720 praebent,
765 646 837 721 quin
865 666 901 705 ex
926 647 986 705 alio
1011 649 1143 722 quodam

127 733 290 792 communis
313 734 446 792 omnium
469 735 622 809 archetypi
646 735 817 811 apographo
841 736 939 794 minus
961 737 1068 796 vitiose
1091 736 1142 797 de·

127 823 238 897 scripto
260 823 450 882 manaverint
472 842 531 881 non
552 822 664 881 dubito.
702 821 799 891 Quare
820 823 872 882 ubi
890 824 1002 883 ordinis
1022 827 1058 884 Π
1071 827 1143 886 libri

126 911 175 969 vel
198 929 298 970 omnes
321 912 370 970 vel
393 913 509 987 aliquot
532 929 599 970 cum
621 903 877 988 A(‘)'conspirant,
901 932 1143 991 eorumquoque

126 999 267 1058 lectiones
290 1001 435 1059 nontam
458 1000 604 1060 Italorum
627 1002 801 1060 correcturis
825 1021 915 1077 quam
937 1004 1053 1078 puriori
1077 1006 1140 1063 cui-

126 1088 196 1147 dam
220 1090 410 1165 antiquitatis
433 1091 510 1149 fonti
533 1089 633 1149 deberi
656 1093 735 1149 recte
754 1092 911 1149 statuetur.
950 1090 1142 1169 Quamquam

127 1180 269 1254 quoniam
292 1178 402 1237 ordinis
426 1170 484 1237 Ab)
506 1178 577 1237 libri
603 1197 662 1238 non
685 1177 794 1254 ubique
822 1180 922 1239 clauso
946 1183 1065 1258 agmine
1094 1185 1142 1241 iu·

127 1267 242 1343 cedunt,
264 1270 341 1327 sicut
361 1269 393 1325 in
413 1267 521 1328 Leonis
541 1267 683 1327 classibus
702 1268 813 1346 singuli
831 1287 890 1327 non
908 1287 976 1328 raro
996 1269 1145 1331 dissident

126 1359 205 1416 inter
227 1375 258 1416 se
283 1359 371 1433 atque
394 1357 573 1432 discordant,
595 1357 661 1416 fieri
682 1375 742 1415 non
763 1359 864 1432 potuit
885 1359 957 1433 quin
980 1358 1016 1418 de
1040 1359 1142 1422 arche-

126 1446 194 1522 typi
216 1447 364 1520 scriptura
386 1449 465 1505 recte
488 1445 696 1505 constituenda
718 1464 777 1504 non
799 1466 962 1522 numquam
990 1447 1143 1510 dubitatio

125 1535 352 1610 relinqueretur.
384 1533 486 1609 Atque
504 1534 560 1593 hoc
579 1536 670 1594 etiam
688 1534 843 1592 fatendum
864 1538 918 1610 est,
939 1554 999 1594 non
1021 1539 1144 1599 tantum

125 1623 226 1682 valere
243 1625 369 1681 istorum
387 1622 522 1682 codicum
542 1623 759 1697 auctoritatem,
778 1626 813 1682 ut
833 1642 935 1683 eorum
953 1643 1009 1700 ope
1027 1645 1144 1688 novum

126 1711 277 1788 quoddam
300 1730 334 1771 ac
357 1711 470 1770 firmius
495 1709 637 1771 Octaviae
665 1713 858 1771 recensendae
885 1715 915 1773 et
938 1715 1143 1776 emendandae

126 1800 354 1860 fundamentum
375 1801 470 1876 possit
492 1800 632 1860 substrui.
669 1800 761 1859 Nullo
787 1802 866 1860 enim
884 1805 1056 1878 praetextae
1074 1805 1144 1868 loco

128 1891 263 1968 contigit,
281 1892 316 1949 ut
333 1890 418 1948 novis
433 1889 571 1949 subsidiis
585 1891 671 1948 vetus
687 1890 842 1967 archetypi
860 1891 948 1950 lectio
963 1895 1016 1951 aut
1029 1895 1144 1955 rectius

128 1980 270 2038 constitui
288 1982 341 2038 aut
360 1978 509 2037 emendari
527 1979 646 2038 facilius
665 1979 816 2038 videretur
838 1998 932 2054 posse.
969 1979 1051 2049 Quae
1073 2001 1145 2044 cum

127 2069 172 2126 ita
195 2070 300 2143 essent,
324 2086 342 2126 a
364 2087 411 2126 me
436 2069 595 2144 impetrare
618 2087 678 2128 non
700 2070 794 2144 potui,
818 2072 852 2127 ut
878 2071 1014 2146 repetitis
1038 2070 1143 2132 Weid-

126 2159 306 2216 mannianae
353 2156 492 2216 editionis
533 2156 710 2216 lectionibus
756 2157 924 2218 differentes
971 2162 1144 2222 nostrorum

127 2245 272 2304 librorum
309 2247 470 2320 scripturas
513 2265 690 2322 apponerem
728 2246 941 2323 inutiliumque
979 2247 1144 2310 lectionum

128 2352 215 2394 caeca
237 2336 314 2394 mole
337 2333 561 2394 adnotationem
588 2336 723 2394 criticam
750 2353 903 2394 onerarem
925 2338 1026 2412 potius
1051 2357 1144 2413 quam

129 2422 308 2483 adiuvarem.
351 2422 458 2498 Itaque
481 2426 578 2483 vitata
600 2425 778 2483 infructuosi
803 2423 913 2483 laboris
940 2427 1143 2488 ostentatione

127 2513 183 2573 hoc
205 2516 324 2572 tantum
347 2514 408 2590 egi,
437 2516 472 2572 ut
489 2515 571 2572 omni
593 2513 753 2572 lectionum
780 2512 868 2572 turba
895 2513 1045 2573 subtiliter
1073 2535 1143 2575 exa-

127 2605 243 2662 minata
270 2605 300 2660 et
326 2620 471 2678 perpensa
499 2601 571 2677 quid
597 2604 630 2660 in
657 2603 806 2661 communi
829 2601 989 2678 archetypo
1013 2623 1045 2662 re
1069 2624 1143 2664 vera

128 2694 220 2751 fuisse
248 2693 477 2750 consentaneum
504 2692 593 2765 esset,
620 2690 652 2749 id
680 2692 733 2749 aut
759 2692 791 2748 in
818 2693 902 2748 textu
924 2710 1064 2766 ponerem
1087 2697 1145 2754 aut

127 2783 160 2839 in
188 2780 380 2839 adnotatione
406 2779 434 2838 A
461 2779 563 2839 littera
595 2779 697 2838 addita
729 2779 939 2857 significarem,
971 2780 1142 2843 differentes

129 2870 166 2928 ab
191 2870 345 2944 archetypi
367 2870 493 2928 lectione
517 2867 651 2927 codicum
673 2870 848 2945 scripturas,
871 2868 923 2926 ubi
946 2887 994 2928 eas
1018 2871 1143 2932 enotare

128 2958 209 3017 haud
230 2959 337 3016 inutile
360 2957 523 3032 videretur,
548 2957 650 3016 littera
673 2970 698 3032 ψ
722 2959 883 3034 signarem,
907 2960 1143 3036 quotiescunque

129 3046 277 3106 dubitatio
300 3046 456 3121 incideret,
480 3047 554 3106 haec
581 3047 629 3106 vel
651 3047 705 3106 illa
728 3040 877 3121 scriptura
903 3049 1025 3123 propius
1050 3067 1068 3107 a
1090 3069 1143 3110 ve·

131 3234 343 3303 &archetypon
360 3231 549 3302 qualicunque
567 3233 613 3287 via
630 3233 756 3288 redeunt.
786 3232 885 3287 Ordini
900 3237 931 3287 Π
946 3234 1007 3288 adsi
1049 3236 1143 3293 andus

128 3306 240 3360 videtur
259 3305 347 3359 codex
364 3304 569 3358 Laurentianus
588 3304 658 3374 plut.
673 3303 809 3373 XXXVII,
825 3312 839 3359 7
855 3305 909 3374 (L¹)
924 3321 1008 3358 saecu
1022 3306 1028 3318 ‘
1048 3309 1082 3360 ut
1100 3309 1144 3362 vi-

130 3377 213 3431 detur
225 3375 297 3444 XIV,
312 3375 348 3429 de
362 3375 441 3429 cuius
456 3376 601 3445 scripturis
620 3375 654 3430 H.
673 3375 756 3429 Peter
773 3393 823 3430 nos
843 3375 974 3431 certiores
993 3376 1070 3444 fecit,
1090 3381 1143 3447 qui

130 3447 198 3503 olim
216 3465 280 3503 eum
298 3447 466 3516 inspexerat.
489 3447 651 3502 Lectionem
664 3446 781 3516 praebet
794 3447 879 3517 paulo
893 3447 1035 3516 puriorem
1054 3466 1144 3517 quam

130 3519 230 3573 Leonis
258 3519 288 3584 L,
313 3517 391 3573 nullo
419 3521 515 3572 tamen
543 3518 646 3573 artiore
674 3519 849 3589 cognationis
877 3518 988 3572 vinculo
1018 3537 1081 3574 cum
1107 3538 1143 3578 eo

130 3590 268 3648 cohaeret.
708 3624 721 3629 ⁴-
