2394 3990
486 225 660 281 PHAEDRA
1020 231 1080 293 181

61 387 163 434 Tuus.
188 368 282 446 Quod
304 372 348 434 sit
369 371 523 435 luendum
547 377 650 436 morte
674 373 825 436 delictum
850 375 962 438 indica.

60 477 116 522 ΡΗ.
143 457 239 535 Quod
256 461 340 523 rivo.
384 477 481 524 THES.
505 460 670 525 Lacrimae
688 484 795 525 nonne
818 467 850 526 te
868 468 997 528 nostrae
1016 486 1082 527 mo-

707 553 804 615 vent?
1032 570 1083 617 ssu

61 654 118 699 ΡΗ.
142 636 233 700 Mors
258 639 381 722 optima
403 642 453 702 est
475 639 579 722 perire
601 639 832 703 lacrimandum
857 643 931 705 suis.

63 741 164 789 Tuus.
189 724 291 791 Silere
314 728 428 812 pergit.
473 728 604 791 verbere
627 750 664 792 ae
686 730 801 793 vinelis
825 752 919 815 opus3

62 815 227 898 altrixque
249 817 364 900 prodet
386 817 540 900 quicquid
563 816 642 881 haec
665 817 726 881 fari
749 819 869 882 abnuit.

62 905 184 968 vincite
207 905 302 969 ferro.
347 906 516 970 verberum
540 907 588 968 vis
612 906 760 970 extrahat

63 998 187 1058 secreta
211 995 336 1058 mentis.
381 1013 436 1058 ΡΗ.
459 993 535 1078 Ipsa
555 996 619 1059 iam
642 995 743 1078 fabor,
766 1019 868 1060 mane.
1030 1015 1081 1061 sss

64 1100 164 1146 rrius.
189 1081 350 1159 Quidnam
375 1105 430 1147 ora
453 1087 575 1148 maesta
597 1086 715 1148 avertis
738 1089 771 1148 et
793 1085 942 1150 lacrimas
965 1089 1056 1171 genis

65 1172 173 1236 subito
198 1177 325 1236 coortae
348 1177 436 1236 veste
459 1176 626 1257 praetenta
650 1175 798 1258 optegis‘?

65 1278 119 1324 ΡΗ.
144 1261 205 1344 Te,
227 1265 274 1345 te,
297 1265 422 1326 creator
445 1262 609 1345 caelitum,
632 1266 747 1326 testem
771 1265 886 1328 invoco

66 1354 97 1413 et
119 1355 166 1434 te,
191 1371 360 1415 coruscum
382 1352 465 1415 lucis
488 1351 649 1416 aetheriae
672 1352 772 1434 iubar,

65 1441 127 1505 tex
151 1440 244 1505 euius
268 1443 341 1504 ortu
363 1443 474 1504 nostra
497 1442 655 1524 dependet
678 1442 804 1504 domus:
1031 1459 1082 1506 890

65 1533 225 1614 temptata
247 1529 397 1612 precibus
420 1531 537 1613 restiti3
560 1529 645 1593 ferro
669 1552 706 1594 aa
729 1532 825 1593 minis

66 1642 130 1684 non
154 1619 252 1684 cessit
274 1619 413 1682 animus:
436 1620 503 1682 vim
526 1622 635 1682 tamen
658 1641 774 1703 eorpus
797 1621 881 1683 tulit.

65 1710 170 1774 labem
194 1707 279 1771 hane
301 1708 435 1791 pudoris
458 1709 544 1772 eluet
568 1712 676 1772 noster
699 1730 801 1771 eruor.

66 1816 164 1862 rrius.
192 1795 286 1880 Quis,
309 1797 379 1878 ede,
402 1798 505 1861 nostri
528 1798 651 1862 decoris
675 1819 803 1861 eversor
824 1799 909 1862 fuit?

66 1906 120 1951 ΡΗ.
136 1885 240 1962 Quem
254 1908 324 1949 rere
338 1886 478 1950 minime.
503 1903 601 1951 Tuus.
617 1886 695 1962 Quis
711 1888 752 1950 sit
762 1888 871 1950 audire
882 1892 1005 1970 expete.
1030 1904 1081 1950 895

66 1994 119 2041 ΡΗ.
144 1975 209 2039 Hie
232 1975 317 2039 dicet
340 1975 424 2038 ensis
448 1979 543 2058 quem
566 1976 709 2039 tumultu
732 1978 862 2040 territus

64 2066 162 2149 liquit
185 2069 350 2148 stuprator
372 2065 490 2128 civium
514 2086 680 2128 accursum
704 2067 829 2128 timens.

66 2171 164 2218 THES.
194 2153 288 2230 Quod
310 2152 448 2237 facinus,
471 2153 534 2217 heu
558 2176 623 2236 me,
646 2156 763 2218 cerno?
792 2154 878 2237 quod
902 2159 1082 2218 monstrum·

706 2244 836 2306 intuor?

63 2334 172 2418 regale
196 2332 298 2415 patris
320 2353 470 2416 asperum
494 2333 595 2417 signis
618 2333 697 2396 ebur

64 2423 181 2506 capulo
205 2421 359 2506 refulget,
382 2421 488 2506 gentis
512 2420 649 2486 Actaeae
673 2423 778 2485 deeus.
1030 2439 1081 2484 sura

65 2512 120 2576 sed
144 2512 214 2594 ipse
238 2532 379 2592 quonam
402 2511 543 2575 evasit?'
570 2528 625 2573 ΡΗ.
648 2510 693 2573 Hi
716 2511 876 2594 trepidum
900 2511 977 2594 fuga

64 2601 173 2665 ridere
196 2600 311 2664 famuli
334 2601 496 2664 concitum
520 2599 615 2663 celeri
638 2601 726 2683 pede.

66 2706 165 2754 THES.
189 2688 253 2752 Pro
278 2693 388 2753 saneta
410 2688 531 2771 Pietas,
554 2711 613 2772 pro
637 2689 833 2773 gubernator
856 2688 922 2771 poli

64 2784 97 2843 et
120 2780 178 2862 qui
202 2780 375 2842 seeundum
398 2778 549 2842 fluetibus
572 2799 707 2862 regnum
731 2800 853 2857 moveS,

64 2869 151 2932 unde
173 2869 238 2932 ista
260 2868 349 2931 venit
373 2868 497 2952 generis
520 2867 643 2931 infandi
666 2868 757 2930 lues?

64 2959 153 3022 hunc
177 2955 273 3022 Graia
296 2956 392 3021 tellus
416 2956 497 3020 aluit
521 2979 563 3020 an
585 2956 709 3020 Taurus
734 2955 868 3039 Scythes

137 3174 191 3221 880
209 3187 284 3222 rure.
304 3184 354 3223 om.
374 3173 414 3221 Δτ
427 3171 436 3237 Η
451 3173 499 3220 881
521 3168 614 3222 l'hesei
632 3174 669 3221 est
688 3173 728 3219 At
746 3171 754 3235 ll
773 3172 825 3219 882
845 3166 943 3218 vinclis
963 3183 1032 3218 anus
1054 3185 1082 3220 ω

66 3257 133 3295 corr.
156 3240 247 3296 Bothe
273 3243 283 3309 ΙΙ
310 3244 361 3293 888
390 3240 527 3293 adstricta
553 3258 593 3307 pr.
623 3240 722 3306 Peiper
749 3240 838 3307 suppl.
859 3256 887 3306 p.
908 3243 943 3290 33
973 3238 1082 3306 (attrita

66 3313 103 3366 N.
121 3312 259 3367 Heinsius
273 3313 366 3381 1269)
391 3314 395 3380 1
420 3311 534 3380 prodest
552 3314 596 3379 ΕΙΙ
611 3316 661 3362 887
682 3312 793 3363 obortas
814 3312 864 3379 (sel
882 3309 1005 3378 abertas)
1024 3315 1060 3360 A!

66 3382 176 3453 obtegis
195 3387 241 3454 ΔΗ
255 3389 308 3436 889
326 3382 456 3436 aetheree
474 3386 497 3434 Δ
515 3384 524 3450 ll
542 3387 594 3434 880
614 3399 647 3435 ex
666 3383 767 3449 quibus
786 3382 927 3448 utrimque
946 3383 978 3433 ci.
999 3382 1055 3434 Leo

66 3455 213 3509 deseendit
231 3457 269 3510 N.
284 3455 421 3509 Heinsius
439 3456 455 3508 t.
470 3470 498 3506 re.
520 3456 529 3521 ll
551 3459 600 3505 897
616 3453 707 3520 liquid
726 3456 770 3520 ΕΙΙ
785 3458 836 3504 899
855 3453 948 3520 parvis
967 3471 994 3505 ω
1014 3470 1080 3505 ecus:

66 3528 103 3581 N.
118 3528 254 3583 Heledus
273 3528 289 3581 l.
305 3543 332 3579 a.
355 3528 364 3595 ΙΙ
387 3531 439 3578 800
458 3525 568 3596 generis
587 3531 608 3576 E
625 3528 628 3593 l
645 3525 744 3577 Aetaei
761 3524 870 3577 Graues
894 3527 902 3590 l]
926 3529 978 3575 902
998 3523 1081 3575 celeri

66 3599 208 3653 concitum
227 3600 358 3668 8111004
377 3613 430 3652 see.
450 3597 480 3650 in
498 3595 524 3648 fl.
535 3615 556 3648 r.
567 3599 645 3649 tenes
664 3602 686 3647 A
