2394 3990
131 222 197 286 324
450 221 480 275 L.
495 219 636 274 ANNAEI
655 218 819 274 SENECAE

131 370 273 431 mutetur
297 365 396 448 orbis,
419 365 557 429 vallibus
581 368 688 428 currat
710 365 803 429 novis

130 454 242 519 Hister
263 475 427 536 novasque
445 453 561 517 Tanais
585 451 722 537 accipiat
744 454 821 518 vias.

131 544 185 626 da,
208 544 249 606 da
271 541 422 624 tuendos,
443 540 597 625 Iuppiter,
620 543 734 606 saltem
758 542 847 607 deos:

132 633 189 696 illa
211 631 322 695 licebit
343 630 468 694 fulmen
490 652 509 693 a
532 633 622 714 parta
645 630 784 714 auferas,

132 742 192 806 ego
216 742 315 803 quam
336 719 460 783 tuebor.
505 720 572 783 sive
596 719 764 804 glacialem
787 720 915 802 polum,

132 831 189 884 seu
211 830 264 872 me
285 809 369 872 tueri
391 807 546 871 fervidam
569 811 694 891 partam
717 807 822 890 iubes,

130 898 192 960 hac
215 917 284 961 esse
307 918 440 978 superos
464 900 555 979 parte
578 916 706 960 securos
729 899 816 979 puta.

132 983 283 1048 Cirrhaea
304 983 410 1048 Paean
432 984 554 1067 templa
576 987 609 1048 et
631 983 805 1048 aetheriam
828 985 962 1048 domum

131 1077 278 1157 serpente
301 1093 393 1137 caeso
416 1074 546 1137 meruit:
571 1093 590 1135 o
614 1073 762 1155 quotiens
785 1075 870 1138 iacet

131 1162 261 1246 Python
283 1162 317 1225 in
339 1161 453 1245 hydra!
476 1160 623 1225 Bacchus
647 1165 679 1225 et
701 1161 836 1227 Perseus
859 1162 928 1226 deis

131 1254 196 1315 iam
220 1274 254 1315 se
276 1251 425 1314 intulere:
449 1251 505 1314 sed
528 1254 627 1333 quota
650 1252 833 1315 entmundi
855 1250 954 1336 plaga

132 1342 237 1404 oriens
261 1339 412 1404 subactus
436 1343 492 1403 aut
514 1343 614 1422 quota
636 1342 685 1402 est
709 1336 840 1424 Gorgon
862 1339 952 1403 fera?

132 1430 203 1512 quis
228 1432 313 1492 astra
335 1432 430 1492 natus
452 1427 601 1492 laudibus
624 1429 742 1491 meruit
764 1428 831 1492 suis

132 1540 171 1581 ex
194 1523 227 1580 te
249 1522 282 1581 et
304 1516 463 1581 noverca?
487 1537 582 1599 quem
605 1517 668 1579 tuli
690 1517 846 1580 mundum
869 1520 956 1600 peto.

200 1604 262 1669 Sed
285 1610 335 1688 tu,
359 1625 465 1669 comes
487 1604 608 1668 laboris
630 1602 796 1686 Herculei,
818 1604 933 1688 Licha,

131 1694 238 1777 perfer
260 1693 456 1777 triumphos,
478 1691 596 1776 Euryti
618 1693 721 1756 victos
743 1694 826 1757 lares

132 1786 333 1865 stratumque
355 1804 500 1867 regnum.
545 1802 603 1845 vor
626 1801 724 1864 pecus
746 1783 851 1866 rapite
874 1783 965 1846 ocius

133 1892 197 1954 qua
219 1872 340 1954 templa
362 1871 479 1934 tollens
503 1874 575 1933 acta
598 1867 713 1952 Cenaei
735 1868 822 1934 Iovis

133 1963 242 2023 austro
265 1960 443 2023 timendum
467 1962 591 2042 spectat
613 1957 796 2022 Euboicum
819 1980 916 2024 mare.

553 2168 725 2234 OHORVS

289 2294 429 2359 Perille
452 2299 501 2358 est
524 2295 647 2378 superis
671 2295 724 2358 cui
746 2295 866 2378 pariter
889 2294 958 2360 dies

223 2388 255 2447 et
277 2384 408 2447 fortuna
429 2384 505 2465 fuit,
528 2385 641 2447 mortis
664 2382 762 2447 habet
785 2384 871 2447 vices
1100 2402 1146 2449 105

221 2473 308 2536 lente
332 2492 405 2535 cum
428 2471 567 2535 trahitur
589 2472 656 2535 vita
679 2471 890 2556 gementibus.

223 2561 368 2643 quisquis
392 2561 451 2624 sub
474 2561 610 2643 pedibus
632 2559 700 2624 fata
721 2560 850 2644 rapacia

222 2654 254 2713 et
277 2671 419 2733 puppem
442 2649 552 2732 posuit
574 2647 715 2713 fluminis
738 2649 859 2733 ultimi,

222 2759 289 2802 non
312 2738 439 2821 captiva
461 2737 550 2801 dabit
573 2736 722 2801 bracchia
743 2737 881 2802 vinculis

222 2847 281 2890 nec
303 2848 440 2910 pompae
462 2827 570 2889 veniet
592 2826 701 2890 nobile
722 2827 894 2891 ferculum:
1099 2844 1147 2892 110

221 2937 398 2997 numquam
422 2918 471 2978 est
493 2913 548 2978 ille
571 2916 669 2979 miser
691 2915 743 2979 cui
765 2915 860 2979 facile
882 2917 932 2978 est
954 2916 1048 2980 mori.

205 3093 239 3140 93
259 3091 289 3142 at
307 3088 435 3155 quotiens
450 3093 473 3141 Δ
491 3103 509 3141 a
527 3105 572 3155 qu.
587 3090 620 3142 ci.
635 3089 736 3158 Perper
748 3091 757 3158 l
771 3093 820 3142 100
838 3088 946 3157 Euryta
959 3094 982 3142 Ε
995 3091 1006 3159 l
1020 3095 1071 3144 101
1089 3089 1148 3160 pol-

134 3158 194 3212 lens
214 3175 263 3212 ara
281 3164 302 3210 11
321 3164 358 3227 (et
375 3161 415 3214 sic
432 3160 499 3214 Birt
516 3163 582 3227 533)
601 3159 703 3214 tollens
722 3175 772 3214 ara
785 3164 809 3212 A
826 3175 894 3214 cerr.
909 3160 1032 3231 Bctycre
1045 3163 1148 3232 1292!

134 3234 183 3282 103
198 3231 305 3283 astrol
319 3233 328 3299 ΙΙ
341 3230 474 3286 Scaeaom
482 3237 546 3299 port
551 3232 695 3302 prolopcm
708 3230 839 3300 000000οἾ
852 3230 1041 3287 00001110ιο
1049 3249 1080 3303 p.
1092 3237 1126 3286 11
1139 3235 1149 3301 Ι

134 3319 197 3353 roua
216 3302 247 3353 ia
265 3302 346 3354 barser.
362 3303 424 3356 add.
444 3313 472 3368 ψ
490 3301 501 3374 ll
518 3307 567 3355 101
585 3301 699 3356 luminis
718 3302 773 3355 ab)
798 3301 904 3356 liminis
922 3312 951 3367 ψ

215 3425 235 3476 *)
249 3426 277 3464 In
291 3427 386 3477 prologo
400 3427 482 3476 Euryti
501 3437 598 3476 regnum
615 3427 641 3466 ln
654 3427 749 3468 Euboea
767 3429 838 3469 habas
858 3426 882 3481 (r
898 3426 955 3480 lm),
976 3429 1030 3469 tum
1047 3428 1148 3482 vistim

135 3482 215 3526 captae
229 3480 329 3526 patriam
343 3479 475 3520 Oechaliam
492 3481 630 3528 profitentur
642 3479 749 3521 Aetolum
763 3481 866 3534 (lamo.
899 3480 965 3523 Iol!
977 3480 1082 3525 lumb
1095 3482 1148 3525 En·

134 3532 201 3572 chine
216 3533 344 3573 sudluntur
357 3537 409 3572 ante
418 3533 507 3583 regiam
517 3533 546 3586 (v.
557 3533 602 3575 195.
613 3533 667 3584 114).
690 3534 727 3573 En
741 3535 833 3576 divam
919 3532 1147 3587 mm!

134 3586 193 3626 Vide
207 3589 287 3627 notam
301 3587 369 3626 titulo
384 3586 510 3626 subiectam
524 3598 545 3634 p.
556 3589 602 3629 319.
872 3584 976 3643 ¹2¹³·-
991 3612 1008 3635 ,p
1030 3588 1039 3619 ἑ
1075 3610 1080 3619 ·
