2394 3990
479 223 705 280 PHOENISSAE
1036 227 1096 290 101

50 432 52 447 ,
118 372 142 432 et
159 368 249 454 ingeni
274 368 414 434 sollertis
437 369 591 434 eximium
615 371 710 434 decus

118 459 227 542 periere,
248 462 364 524 cuncta
388 480 456 523 sors
479 459 561 523 mihi
584 460 701 523 infesta
723 459 870 523 abstulit:

116 548 239 612 lacrimae
262 551 462 632 supererant:
485 547 544 611 has
568 569 695 632 quoque
719 549 823 633 eripui
845 548 935 613 mihi.
1050 566 1102 614 240

115 634 216 700 absiste.
258 636 367 701 nullas
390 637 516 701 animus
539 637 683 701 admittit
705 658 814 720 preces

114 746 267 808 novamque
290 747 427 810 poenam
452 725 626 790 sceleribus
649 727 774 809 quaerit
796 748 916 810 parem.

114 817 139 876 et
156 835 213 878 esse
233 837 293 898 par
315 835 396 898 quae
419 815 562 899 poterit?
585 815 700 879 infanti
724 837 852 899 quoque

113 901 216 968 decreta
236 926 325 968 mors
348 908 406 968 est.
428 941 473 950 —
495 903 563 967 fata
587 905 658 987 quis
682 908 748 968 tam
771 904 880 968 tristia

112 993 221 1057 sortitus
243 993 420 1076 umquam?
443 992 586 1057 videram
608 994 751 1058 nondum
775 993 859 1058 diem

111 1082 234 1166 uterique
255 1081 400 1146 nondum
424 1080 581 1147 solveram
605 1083 706 1146 clausi
728 1104 848 1168 moras,

111 1172 134 1232 et
152 1170 207 1234 iam
228 1170 374 1234 timebor.
420 1171 567 1254 protinus
592 1172 748 1253 quosdam
772 1172 875 1235 editos

109 1279 159 1321 nox
179 1259 345 1343 occuparit
368 1263 400 1323 et
422 1280 525 1324 novae
548 1259 613 1324 luci
636 1260 783 1324 abstulit:

108 1368 178 1412 mors
199 1370 250 1412 me
273 1349 460 1433 antecessit3
484 1347 602 1431 aliquis
625 1349 711 1413 intra
733 1351 855 1412 viscera

108 1441 234 1502 materna
256 1437 359 1501 letum
381 1438 571 1522 praecoquis
593 1438 653 1502 fati
676 1438 765 1502 tulit:

107 1525 151 1588 sed
170 1526 325 1609 numquid
348 1530 381 1591 et
403 1527 572 1610 peccarit?
595 1527 792 1610 abstrusum,
816 1527 961 1590 abditum

106 1613 286 1699 dubiumque
310 1638 351 1679 an
374 1638 476 1679 essem
500 1615 627 1679 sceleris
652 1616 774 1679 infandi
798 1638 888 1680 reum

106 1702 169 1767 deus
191 1705 271 1790 egit3
295 1704 352 1768 illo
375 1707 459 1768 teste
482 1704 648 1769 damnavit
670 1727 786 1788 parens

105 1793 257 1876 calidoque
280 1797 408 1858 teneros
429 1794 570 1858 transuit
592 1795 677 1857 ferro
701 1794 797 1878 pedes

104 1884 127 1944 et
146 1883 178 1946 in
201 1882 267 1946 alta
289 1904 422 1947 nemora
443 1884 599 1966 pabulum
622 1883 712 1947 misit
734 1882 811 1947 feris

102 1970 265 2054 avibusque
289 1971 392 2035 saevis
416 1993 495 2055 quas
520 1970 693 2036 Cithaeron
715 1973 832 2036 noxius

102 2080 202 2124 cruore
226 2081 321 2143 saepe
343 2060 432 2145 regio
456 2061 573 2126 tinctas
597 2063 664 2127 alit.

101 2149 146 2213 sed
168 2171 264 2233 quem
289 2150 366 2213 deus
390 2149 567 2233 damnavit,
590 2150 708 2215 abiecit
730 2154 830 2233 pater,

98 2259 174 2303 mors
198 2259 327 2322 quoque
349 2238 477 2324 refugit.
522 2240 670 2322 praestiti
692 2237 829 2322 Delphis
853 2239 962 2302 fidem:

96 2328 178 2412 gemit
179 2349 268 2392 orem
291 2327 423 2391 adortus
446 2328 546 2411 impia
569 2329 669 2392 stravi
692 2348 776 2391 nece.

96 2415 150 2482 hoc
174 2417 237 2480 alia
260 2416 328 2500 piet
329 2438 363 2479 as
314 2415 535 2480 tredimet:
559 2417 661 2482 occidi
683 2421 739 2500 pat
740 2438 820 2500 rem

94 2506 142 2570 sed
165 2510 302 2570 matrem
326 2504 441 2569 amavi
485 2506 635 2589 proloqui
657 2469 868 2589 hymenaeirm
893 2506 991 2589 pudet

93 2595 261 2677 taedasque
284 2597 421 2658 nostras.
466 2593 524 2658 has
549 2616 676 2746 quoque
700 2596 837 2658 invitum
860 2595 928 2677 pati

92 2688 118 2748 te
142 2705 224 2769 coge
247 2704 379 2766 poenae:
402 2683 559 2748 facinus
551 2687 642 2768 rgnot
643 2707 699 2747 um
724 2684 854 2747 efferum

91 2774 279 2838 inusitatum
303 2771 398 2836 effare
421 2772 508 2855 quod
531 2773 644 2856 populi
666 2772 831 2854 horreant,
1050 2789 1101 2836 265

91 2863 174 2946 quod
198 2882 268 2925 esse
289 2860 411 2925 factum
434 2860 524 2924 nulla
546 2882 613 2925 non
636 2865 721 2924 aetas
744 2865 854 2947 neget,

90 2951 175 3035 quod
197 2949 392 3034 parricidam
414 2951 545 3034 pudeat:
568 2951 603 3014 in
625 2952 747 3035 patrios
770 2954 858 3013 toros

90 3040 147 3104 tuli
170 3042 308 3124 paterno
332 3039 488 3124 sanguine
511 3060 654 3123 aspersas
677 3061 791 3102 manus

89 3130 282 3212 scelerisque
304 3127 445 3211 pretium
467 3129 571 3192 maius
595 3130 705 3211 accepi
727 3129 837 3191 scelus.

87 3220 156 3284 leve
179 3221 230 3282 est
252 3219 423 3300 paternum
445 3217 584 3281 facinus:
607 3219 642 3281 in
664 3217 824 3281 thalamos
848 3238 935 3281 meos
1049 3236 1101 3281 270

157 3380 212 3428 240
231 3373 375 3443 eripuitE
396 3376 405 3443 ll
426 3379 479 3427 242
497 3377 608 3443 patrem
626 3381 647 3426 E
666 3376 676 3443 ΙΙ
694 3379 745 3426 248
765 3374 836 3428 lucis
854 3377 966 3444 Ε11252
985 3392 1048 3428 reus
1067 3374 1102 3426 Ε1

88 3465 154 3502 corr.
177 3445 216 3500 13²
246 3447 256 3514 ll
287 3450 341 3498 254
361 3445 508 3499 transtulit
531 3451 553 3497 Δ
585 3450 594 3516 ΙΙ
625 3451 678 3499 256
702 3446 793 3499 auidis
817 3452 839 3497 A
856 3447 859 3514 l
877 3445 1030 3513 cyntheron
1053 3452 1074 3496 E
1094 3448 1103 3512 ll

88 3523 143 3644 {gl
143 3519 266 3644 ¹1turaActas
280 3516 333 3570 alit
345 3521 369 3568 A
382 3517 391 3584 ΙΙ
405 3522 454 3570 261
473 3517 569 3584 aliqua
583 3518 730 3572 Asceceius
744 3520 753 3586 ll
768 3523 819 3570 266
839 3517 898 3570 fare
913 3522 934 3569 E
948 3519 957 3586 ll
970 3522 1023 3569 270
1043 3519 1101 3584 pat.
