2394 3990
133 221 198 285 322
454 221 484 274 L.
499 219 641 274 ANNAEI
659 221 823 276 SENECAE

132 372 165 432 et
187 367 243 431 ille
266 367 375 430 solem.
420 365 529 430 nullus
548 364 691 430 Antaeus
714 365 813 450 Libys

133 457 274 520 animem
296 455 443 538 resumit,
467 454 583 518 cecidit
605 458 678 518 ente
702 477 771 519 eres
795 477 868 519 sues
1116 475 1147 522 25

133 544 272 626 Busiris,
294 566 358 607 una
382 547 430 607 est
454 541 583 626 Geryon
605 564 734 625 sparsus
756 566 853 607 manu

133 638 308 715 taurusque
330 632 461 714 populis
483 631 631 694 horridus
655 635 784 695 centum
807 654 915 714 pavor.

135 721 359 805 quodcumque
382 721 477 784 tellus
502 720 614 804 genuit
636 720 752 783 infesta
776 721 892 784 occidit
986 777 990 784 .

133 832 268 892 meoque
290 809 397 872 fusum
422 812 471 872 est
493 809 635 872 dextera:
659 809 749 872 iretis
773 809 839 872 deis

134 920 201 963 non
222 898 315 962 licuit
339 918 414 960 esse.
461 896 489 960 si
511 900 609 981 negat
631 896 769 961 mundus
792 896 890 980 feres,
1116 915 1148 964 30

135 988 277 1050 animum
300 1007 450 1067 noverca,
472 984 568 1048 redde
590 1006 676 1048 nunc
698 989 774 1049 neto
798 989 922 1068 petrem

134 1077 187 1139 vel
210 1079 294 1139 estre
316 1075 402 1137 forti.
447 1093 507 1137 nec
529 1076 604 1156 peto
628 1077 665 1137 ut
687 1077 846 1138 monstres
870 1075 944 1157 iter;

134 1164 285 1248 permitte
307 1166 447 1244 tentum,
471 1163 609 1246 genitor:
633 1162 794 1226 inveniam
817 1163 912 1227 viam.

134 1253 187 1316 vel
209 1253 237 1316 si
260 1252 354 1315 times
377 1273 417 1314 ne
441 1254 526 1314 terre
549 1251 710 1334 concipiat
731 1251 829 1334 feres,

134 1344 285 1424 properet
303 1340 423 1403 malum
443 1339 681 1422 quodcumque,
705 1339 781 1403 dum
797 1344 885 1405 terre
904 1339 1080 1407 Herculem
1117 1358 1149 1405 35

136 1430 235 1493 hebet
257 1428 419 1510 videtque:
442 1449 516 1490 nem
542 1429 613 1510 quis
637 1428 767 1492 invadet
789 1431 874 1493 mele
1146 1430 1149 1434 ’

135 1522 192 1582 eut
215 1518 286 1600 quis
309 1539 367 1600 per
388 1516 484 1580 urbes
506 1539 616 1580 rursus
635 1514 805 1601 Argolicus
829 1518 889 1581 erit

135 1605 270 1670 Iunonis
294 1605 368 1669 odio
393 1604 531 1690 dignus?
555 1605 589 1667 in
611 1608 718 1668 tutum
742 1627 828 1670 meet
932 1656 935 1665 ,

135 1696 245 1759 leudes
268 1693 391 1779 redegi,
413 1694 503 1757 nulle
526 1715 577 1756 me
600 1694 696 1757 tellus
721 1694 806 1758 silet:

136 1806 187 1847 me
212 1783 311 1847 sensit
333 1804 425 1845 ursae
448 1781 602 1866 frigidum
627 1779 796 1865 Scythicae
819 1804 920 1867 genus
1118 1800 1149 1848 Ao

135 1871 298 1954 Indusque
320 1869 452 1934 Phoebo
477 1870 638 1953 subditus,
662 1891 776 1935 cancro
799 1869 911 1956 Libys3

136 1965 182 2043 te,
205 1960 288 2023 clere
307 1958 416 2042 Titan,
439 1963 552 2024 testor:
576 1959 701 2023 occurri
723 1958 783 2023 tibi

137 2070 339 2132 quecumque
361 2048 481 2133 fulges,
503 2069 563 2111 nec
586 2068 675 2112 meos
697 2048 755 2111 lux
777 2049 931 2131 prosequi

136 2137 245 2220 potuit
268 2136 464 2220 triumphos,
488 2136 566 2200 solis
589 2136 710 2201 excessi
732 2137 818 2200 vices

136 2227 284 2308 intraque
306 2228 433 2288 nostres
457 2224 602 2289 substitit
624 2228 725 2288 metes
749 2225 825 2289 dies.

136 2319 251 2379 natura
274 2313 383 2395 cessit,
406 2317 491 2377 terre
514 2313 630 2378 defecit
653 2314 799 2399 gradum:

134 2405 254 2468 lessete
276 2402 365 2484 prior
387 2405 443 2465 est.
489 2423 554 2465 nox
578 2405 610 2465 et
632 2406 810 2466 extremum
833 2401 930 2466 choos

136 2493 171 2556 in
194 2514 246 2555 me
268 2490 456 2555 incucurrit:
480 2490 554 2553 inde
577 2491 617 2553 ed
640 2491 726 2555 hunc
750 2490 860 2554 orbem
883 2490 965 2574 redi,

135 2601 231 2646 nemo
254 2580 339 2643 unde
361 2582 447 2642 retro
471 2582 528 2642 est.
551 2580 686 2643 tulimus
710 2577 829 2643 Oceani
851 2580 970 2661 mines,

136 2690 195 2734 nec
218 2670 286 2732 ulle
308 2668 411 2731 veluit
434 2671 565 2749 quetere
587 2672 762 2752 tempestas
784 2671 885 2732 retem
1120 2685 1152 2734 50

137 2776 373 2841 quemcumque
396 2756 498 2838 pressi
515 2793 559 2801 —
577 2778 651 2838 pars
675 2760 775 2839 quota
796 2760 845 2820 est
866 2755 1002 2820 Perseus
1026 2759 1115 2822 mei?

209 2936 243 2984 26
263 2933 305 2984 est
324 2935 410 2984 om
442 2931 451 2997 44
483 2934 518 2981 2⁸
537 2928 672 2983 infestum
690 2947 712 2984 α
743 2932 753 2999 44
785 2935 820 2982 29
839 2929 937 2984 dextre
951 2931 1007 2984 Au)
1032 2934 1039 3000 4
1068 2931 1152 2986 eretis

138 3003 197 3056 dies
216 3007 237 3054 Ε
260 3004 270 3070 44
293 3007 327 3054 30
346 3000 386 3054 sic
404 3002 491 3070 neget
509 3004 532 3052 A
554 3003 563 3070 44
586 3005 617 3053 81
636 3000 780 3054 dominum
799 3003 832 3056 ci.
846 3002 947 3069 Peiper
962 3005 967 3070 4
983 2994 1152 3056 cottonem!

137 3072 255 3126 nimium
274 3087 409 3125 novercae
423 3073 461 3126 N.
473 3071 608 3126 Heinsius
618 3089 647 3140 p.
662 3075 716 3126 434
734 3073 850 3126 tandem
863 3087 1000 3126 novercae
1014 3074 1080 3129 Leo.
1112 3073 1151 3140 Of.

139 3144 219 3198 ovid.
240 3143 282 3196 M.
301 3143 351 3196 IX
368 3147 437 3196 198.-
469 3141 580 3196 defesse
607 3143 729 3196 iubendo
757 3145 800 3197 est
822 3158 906 3197 saeve
931 3142 1005 3197 Iovis
1034 3144 1153 3198 coniunx

138 3215 255 3282 (Μάιον
269 3218 349 3282 1212
367 3217 407 3281 u.)
431 3216 440 3283 44
464 3219 498 3266 32
516 3214 603 3267 redde
625 3215 702 3268 estre
724 3215 757 3268 ci.
775 3215 886 3269 Richter
907 3216 917 3284 44
942 3219 977 3267 89
994 3216 1092 3285 recepi
1110 3215 1153 3286 Δ44

138 3290 173 3337 40
193 3284 306 3351 Scythie
324 3285 378 3339 A(v)
408 3287 417 3355 44
444 3290 475 3337 41
495 3284 628 3338 cencriE
651 3287 660 3354 44
684 3289 718 3336 43
736 3284 857 3355 fuges!
884 3287 893 3354 44
920 3289 955 3338 At
975 3284 1108 3354 introque
1126 3304 1151 3340 ω

137 3372 206 3410 corr.
225 3356 334 3411 Gronov
347 3358 356 3425 44
377 3362 410 3409 47
430 3355 527 3410 lexete
545 3371 596 3425 per
614 3371 658 3408 me
677 3372 732 3409 nox
751 3361 773 3408 A
791 3356 809 3410 l.
825 3355 904 3424 peior
921 3373 948 3410 n.
969 3357 1003 3410 ei.
1021 3358 1152 3424 Gronov!

138 3433 173 3479 4⁸
193 3425 315 3480 cucurrit
333 3433 356 3479 A
386 3429 396 3496 44
427 3433 462 3480 49
480 3427 556 3480 unde
575 3442 656 3480 omne
675 3432 696 3478 Ε
715 3427 790 3481 unde
807 3442 889 3480 nemo
907 3431 931 3479 A
951 3428 956 3497 4
975 3429 1052 3482 retro
1072 3432 1151 3482 eet!

137 3501 212 3552 retro
232 3500 291 3565 (om.
312 3500 366 3568 est)
383 3503 407 3551 A
425 3515 492 3553 corr.
513 3515 535 3552 α
555 3501 564 3568 44
586 3504 616 3551 51
634 3497 737 3567 pressit
755 3504 776 3550 Ε
793 3499 796 3566 4
812 3513 878 3566 pers
897 3500 985 3566 quote
1004 3502 1049 3553 est
1070 3515 1150 3567 quum

132 3584 290 3639 prosequor
307 3574 330 3621 A
348 3570 383 3638 of.
399 3570 503 3625 Melzer
516 3586 546 3638 p.
561 3572 598 3623 12
