2394 3990
515 203 642 258 MEDEA

494 401 668 468 CHORVS

252 527 306 593 Ad
327 550 441 614 regum
464 527 624 591 thalamos
647 528 779 591 numine
802 549 955 610 prospero

187 619 242 702 qui
266 618 392 683 caelum
416 617 523 700 superi
546 617 665 699 quique
688 620 805 701 regunt
828 617 946 680 fretum

187 708 287 771 assint
310 727 384 770 cum
407 706 536 788 populis
558 705 619 769 rite
642 704 833 768 faventibus.

185 797 326 879 primum
350 795 544 878 sceptriferis
568 794 652 857 colla
674 791 874 857 Tonantibus

185 889 295 948 taurus
320 883 405 947 celsa
427 883 509 947 ferat
531 886 657 967 tergore
681 883 831 965 candid03

186 972 340 1036 Lucinam
363 973 450 1035 nivei
472 971 592 1035 femina
615 971 759 1054 corporis

186 1062 377 1145 intemptata
399 1061 476 1145 iugo
499 1061 605 1143 placet
629 1063 660 1123 et
683 1058 788 1143 asperi

185 1149 297 1214 Martis
322 1149 513 1234 sanguineas
537 1171 619 1232 quaa
642 1148 772 1211 cohibet
794 1169 923 1230 manus,

187 1260 265 1321 quae
289 1237 345 1302 dat
368 1238 531 1322 belligeris
553 1237 683 1300 foedera
706 1235 856 1320 gentibus

187 1332 216 1391 et
238 1348 340 1391 cornu
361 1328 479 1390 retinet
501 1327 600 1390 divite
623 1326 763 1408 copiam,

187 1417 321 1480 donetur
343 1419 453 1479 tenera
475 1415 585 1479 mitior
607 1413 722 1478 hostia.

188 1509 217 1568 et
239 1509 290 1588 tu,
313 1504 371 1587 qui
392 1504 517 1568 facibus
540 1502 695 1588 legitimis
719 1502 807 1584 ades,

186 1597 312 1658 noctem
336 1592 511 1658 discutiens
535 1592 664 1674 auspice
689 1593 818 1655 dextera

187 1682 248 1746 huc
271 1681 383 1746 incede
406 1680 507 1767 gradu
530 1679 690 1745 marcidus
713 1680 816 1761 ebri0‚

186 1771 395 1856 praecingens
417 1791 510 1834 roseo
534 1774 681 1852 tempora
703 1769 842 1832 vinculo.

187 1864 217 1923 et
238 1863 274 1923 tu
299 1880 395 1942 quae,
417 1859 539 1945 gemini
560 1858 691 1941 praevia
712 1858 881 1940 temporis,

185 1948 287 2030 tarde,
311 1949 417 2030 stella,
439 1948 523 2012 redis
547 1969 672 2030 semper
695 1946 891 2009 amantibus:

186 2041 216 2101 te
239 2040 371 2120 matres,
394 2036 541 2100 aridate
565 2036 701 2118 cupiunt
723 2056 822 2098 nurus

187 2126 422 2209 quamprimum
445 2125 552 2189 radios
575 2145 724 2209 spargere
746 2123 879 2187 lucidos.

309 2301 420 2368 Vincit
442 2303 606 2386 virgineus
630 2301 725 2364 decor

309 2391 405 2477 longe
430 2389 600 2473 Cecropias
623 2412 737 2472 nurus,

309 2485 342 2544 et
364 2501 443 2563 quas
466 2478 603 2564 Taygeti
628 2479 713 2564 iugis

309 2572 435 2633 exercet
457 2568 609 2632 iuvenum
633 2567 729 2631 modo

308 2657 408 2721 muris
432 2657 519 2740 quod
542 2660 628 2721 caret
651 2657 822 2740 oppidum,

308 2750 341 2810 et
363 2768 442 2830 quas
460 2744 586 2810 Aonius
608 2747 695 2809 latex

308 2833 516 2919 Alpheosque
540 2857 627 2898 sacer
649 2835 744 2897 lavat.

198 3026 206 3033 ”
310 3009 345 3077 Si
366 3012 471 3076 forma
493 3012 572 3077 velit
594 3012 708 3095 aspici,

249 3150 252 3155 .
308 3101 421 3165 cedent
442 3099 584 3166 Aesonio
609 3101 682 3164 duci

141 3280 178 3328 69
196 3273 306 3344 primus
324 3280 347 3327 A
360 3276 370 3344 ΙΙ
388 3268 419 3329 61
437 3273 572 3328 feminam
590 3278 683 3344 «71173
703 3273 802 3328 avidae
821 3280 842 3325 Ε
861 3290 928 3327 corr.
949 3274 981 3325 de
1000 3273 1086 3327 Wala-

73 3349 176 3403 mowitz
200 3349 210 3418 ΙΙ
236 3350 340 3399 'lt—01
357 3347 438 3402 choro
455 3348 608 3417 uirginum,
628 3351 734 3398 82-92
753 3347 895 3409 turcarum,
914 3348 1012 3408 aasqq.
1032 3346 1087 3397 oir-

70 3420 165 3487 qr'aam
183 3419 266 3473 chero
280 3417 408 3472 masau
422 3419 545 3488 Bentley.
581 3417 621 3483 Of.
637 3418 694 3470 Leo
709 3417 785 3470 Mus.
800 3417 887 3471 Rhea.
904 3418 978 3467 1897
988 3432 1017 3481 p.
1034 3419 1085 3468 511

70 3493 128 3544 n.3
150 3492 160 3559 ΙΙ
182 3493 219 3542 75
238 3487 311 3542 uicit
328 3493 365 3540 Δ7
384 3493 451 3556 (ese.
467 3493 490 3540 R
504 3493 552 3555 10)
575 3490 585 3557 ΙΙ
610 3493 642 3540 77
663 3504 736 3554 quae
755 3493 778 3539 A
799 3489 808 3556 ΙΙ
836 3491 869 3539 78
889 3488 1019 3538 exercent
1037 3489 1060 3535 A
1078 3484 1087 3555 Η

70 3566 99 3613 sl
116 3559 304 3630 Alpheosque
321 3560 416 3628 Ausa
430 3566 495 3628 post
513 3564 547 3611 8³
566 3565 588 3610 A
