2394 3990
518 183 666 239 lucram

241 334 392 415 repetunt
415 331 471 395 alii
493 330 590 394 litora
612 333 739 414 nantes3

243 421 363 484 multos
386 423 537 504 mergunt
559 418 626 483 fata
648 419 818 501 profundo.

244 509 361 573 scindit
383 512 487 573 vestes
505 505 655 592 Augusta
678 529 751 572 suas

242 598 426 680 laceratque
450 616 558 660 eomas

242 686 328 771 rigat
351 690 384 751 et
405 685 536 749 maestis
558 684 688 749 fletibus
711 705 775 748 ora.

243 778 415 857 postquam
440 795 512 857 spes
535 778 584 838 est
606 774 696 837 nulla
720 774 847 856 salutis,

243 863 357 927 ardens
380 863 442 945 ira,
464 862 528 925 iam
551 862 638 926 victa
660 862 768 926 malis:

244 951 344 1015 ‘haec'
370 952 529 1015 exclamat
552 949 644 1013 ‘mihi
668 971 726 1033 pro
749 954 841 1015 tanto

243 1061 375 1104 munere
397 1039 503 1103 reddis
527 1038 683 1121 praemia,
705 1039 802 1103 nate?

243 1128 304 1192 hac
328 1150 413 1210 sum,
435 1128 548 1209 fateor,
571 1127 668 1211 digna
692 1128 813 1210 carina,

243 1238 324 1299 quae
347 1221 380 1280 te
404 1216 515 1301 genui,
539 1237 620 1297 quae
643 1216 704 1280 tibi
725 1217 831 1302 lucem

245 1309 342 1388 atque
365 1304 536 1388 imperium
559 1325 741 1387 nomenque
764 1304 836 1369 dedi

246 1392 389 1457 anrrari
413 1415 530 1457 amone.

246 1504 339 1546 exere
361 1483 471 1546 vultus
489 1479 673 1546 Acheronte
695 1486 769 1546 tuos

242 1591 419 1654 poemeque
441 1592 521 1633 me1s
544 1590 688 1653 pascere,
711 1590 865 1634 comunx:

245 1679 305 1743 ego
330 1678 425 1723 eausa
449 1663 537 1740 tuae,
560 1658 752 1742 miserande,
774 1659 862 1724 neeis

244 1752 385 1830 notoque
407 1752 465 1812 tuo
488 1746 609 1810 firneris
632 1751 746 1811 auctor

243 1858 301 1987 ᾗ
322 1840 359 1900 ut
377 1836 497 1988 gnezni,
519 1836 605 1899 ferar
627 1836 668 1899 ad
689 1857 800 1900 manee

301 1946 412 1988 111111
473 1945 523 2007 os,

246 2012 360 2077 obruta
384 2013 486 2076 saevis
509 2012 657 2095 aequoris
680 2013 795 2076 undis'.

243 2101 364 2165 feriunt
386 2102 504 2165 fluctus
528 2123 584 2166 ora
606 2102 782 2184 loquentis,

243 2190 309 2254 ruit
331 2190 366 2253 in
389 2192 522 2275 pelagus

243 2300 435 2361 rursumque
459 2280 526 2343 salo
551 2300 659 2362 pressa
681 2279 834 2362 resurgit,

245 2367 338 2450 pellit
360 2367 477 2450 palmis
501 2372 635 2452 cogente
659 2371 747 2431 metu

243 2456 339 2538 freta,
363 2459 411 2519 set
435 2456 519 2520 cedit
541 2456 625 2519 fessa
648 2455 758 2519 labori.

244 2545 363 2608 mansit
385 2545 493 2608 tacitis
516 2545 551 2607 in
573 2544 757 2627 pectoribus

245 2637 352 2716 spreta
375 2633 461 2697 tristi
484 2633 548 2696 iam
572 2637 675 2696 morte
698 2633 790 2697 fides:

245 2722 340 2785 multi
364 2722 512 2785 dominae
534 2722 618 2786 ferre
640 2722 797 2785 auxilium

244 2811 359 2895 pelago
383 2810 494 2874 fractis
517 2809 638 2873 viribus
662 2810 794 2892 audent,

244 2898 394 2963 bracchia
418 2898 564 2980 quamvis
586 2899 674 2962 lenta
697 2898 878 2962 trahentem
1038 2915 1088 2963 355

244 3008 324 3052 voce
346 2987 518 3052 hortantur
540 2987 752 3070 manibusque
774 2989 891 3051 levant.

245 3076 323 3158 quid
345 3077 405 3140 tibi
429 3077 515 3140 saevi
1037 3082 1102 3136 acob

245 3164 366 3248 fugisse
389 3165 486 3229 maris
510 3165 633 3248 profuit
656 3164 779 3228 undas?

244 3252 329 3316 ferro
353 3253 478 3318 eonati
501 3253 657 3318 moritura
680 3254 743 3336 tui,

157 3394 208 3442 848
226 3388 301 3444 feror
315 3390 352 3444 N.
364 3391 499 3446 Heinsius
511 3408 538 3460 p.
550 3395 604 3446 504
618 3393 627 3460 ΙΙ
641 3397 694 3444 350
707 3391 768 3446 fata
783 3394 811 3446 et
824 3396 847 3444 Δ
861 3408 930 3446 corr.
947 3393 1082 3447 Boeuenr
1093 3391 1104 3461 tl

87 3465 138 3515 868
158 3459 258 3515 famuli
278 3460 408 3514 dominae
427 3463 568 3518 Baehrens
581 3464 590 3532 ΙΙ
605 3467 657 3515 354
676 3464 776 3518 ardent
793 3474 821 3529 ψ
840 3463 875 3530 ef.
890 3463 948 3532 prs.
964 3464 981 3518 l.
996 3481 1025 3518 n.
1043 3466 1047 3532 Ι
1062 3463 1102 3517 br.

85 3549 170 3600 quam
189 3532 234 3586 vix
253 3532 290 3587 N.
305 3531 441 3587 Heinsius
455 3549 484 3601 p.
501 3537 556 3588 505
