2394 3990
85 217 152 281 244
407 216 436 270 n.
452 214 594 269 11111111
613 215 776 271 saracin

85 363 212 427 vincam
235 361 391 444 Thyestes
415 361 588 425 sceleribus
612 365 745 426 cunctos
769 362 858 425 meis.

86 474 106 515 a
128 452 227 515 fratre
250 450 380 514 vincar?
403 450 512 514 liberis
536 450 650 533 plenus
673 450 777 514 tribus

85 541 120 604 in
142 563 193 603 me
217 537 372 622 sepultis?
396 539 518 602 viscera
541 539 633 602 exedi
656 561 735 603 mea.

85 649 145 692 nec
167 628 323 691 hactenus
346 627 489 691 Fortuna
512 627 686 690 maculavit
708 631 847 710 patrem,

85 718 141 782 sed
164 717 267 780 maius
290 716 378 780 aliud
400 738 477 780 ausa
501 717 672 780 commisso
696 717 800 780 scelus

86 809 202 890 gnatae
225 805 380 869 nefandos
403 809 512 888 petere
535 805 725 869 concubitus
748 805 846 869 iubet.

84 916 152 958 non
174 894 309 978 pavidus
331 893 425 957 hausi
448 894 547 975 dicta,
570 895 625 958 sed
649 894 719 977 cepi
742 894 840 957 nefas.

87 1004 164 1067 ergo
188 987 224 1046 ut
247 1005 305 1065 per
328 983 432 1046 omnis
454 982 573 1046 liberos
597 983 677 1045 irem
701 1005 830 1065 parens,

86 1076 197 1136 coacta
218 1071 294 1136 fatis
319 1076 416 1156 gnata
438 1071 501 1134 fert
524 1075 652 1135 uterum
676 1092 821 1156 gravem,

86 1183 137 1225 me
160 1164 251 1244 patre
275 1160 417 1245 dignum.
464 1181 556 1224 versa
581 1164 695 1223 natura
719 1163 767 1224 est
790 1164 889 1224 retro:

86 1271 147 1314 avo
170 1254 350 1332 parentem,
372 1270 432 1333 pro
455 1249 559 1330 nefas,
582 1249 667 1331 patri
690 1249 809 1331 virum,

86 1339 193 1423 gnatis
216 1341 349 1421 nepotes
373 1337 488 1400 miscui
506 1374 551 1382 —-
568 1338 657 1402 nocti
681 1335 773 1401 diem.

154 1424 216 1490 Sed
239 1448 309 1490 sera
331 1427 460 1489 tandem
483 1426 615 1509 respicit
637 1425 739 1491 fessos
763 1426 856 1491 malis

86 1519 161 1599 post
183 1516 251 1578 fata
274 1516 402 1579 demum
426 1516 521 1579 sortis
544 1515 684 1579 incertae
707 1515 801 1579 fides:

85 1627 142 1668 rex
165 1605 220 1667 iiie
243 1625 370 1688 regum,
393 1604 507 1667 ductor
529 1600 754 1688 Agamemnon
777 1604 909 1686 ducum,

86 1693 177 1758 cuius
191 1696 328 1756 'secutae
351 1693 439 1756 mille
462 1693 617 1756 vexillum
640 1696 724 1757 rates

85 1779 184 1845 Hiaca
206 1781 286 1845 velis
310 1781 447 1845 marist
433 1785 591 1845 texerunt·
606 1782 685 1863 suis,

86 1874 161 1954 post
147 1870 307 1934 tdecima
329 1869 455 1934 Phoebi
476 1871 579 1933 lustra
603 1870 728 1934 devicto
751 1868 813 1934 llio

86 1959 237 2022 adest—
258 1959 312 2022 dat
298 1962 390 2022 turus
414 1959 544 2060 coniugi
567 1959 715 2044 iugulum
739 1980 822 2023 suae.

86 2047 239 2111 iamiam
262 2046 388 2111 natabit
374 2049 566 2132 tsanguine
590 2048 636 2111 alt
622 2052 713 2111 terno
738 2048 866 2111 domus:

86 2157 178 2200 enses
202 2156 327 2199 secures
350 2137 429 2218 tela,
452 2136 590 2200 divisum
613 2137 704 2221 gravi

87 2225 154 2288 ictu
177 2225 326 2307 bipennis
349 2226 474 2310 regium
497 2226 591 2289 video
616 2229 726 2309 caput,

87 2313 151 2377 iam
176 2313 294 2377 scelera
318 2335 418 2397 prope
442 2318 531 2397 sunt,
553 2315 618 2378 iam
642 2315 734 2377 dolus
758 2315 869 2377 caedes
894 2336 956 2378 cru«

87 2407 242 2486 parantur
264 2404 386 2486 epulae.
432 2424 527 2467 causa
549 2403 666 2467 natalis
689 2402 751 2484 tui,

86 2489 256 2577 Aegistho,
278 2491 375 2555 venit.
422 2492 499 2574 quid
521 2492 626 2575 pudor
647 2493 756 2555 vultus
779 2496 914 2576 gravat?

88 2581 165 2663 quid
188 2580 299 2644 dextra
322 2580 420 2644 dubio
444 2581 568 2663 trepida
592 2581 726 2644 consilio
749 2581 859 2645 labat?

87 2670 165 2752 quid
188 2671 257 2752 ipse
280 2673 380 2733 temet
403 2669 544 2734 consulis
567 2673 698 2752 torques
721 2691 830 2754 rogas,

87 2780 130 2822 an
152 2759 262 2822 deceat
284 2758 347 2822 hoc
369 2759 423 2823 te?
446 2759 568 2841 respice
592 2759 632 2822 ad
655 2762 804 2822 matrem:
828 2759 927 2824 decet.

155 2844 219 2911 Sed
242 2851 451 2930 surrepente
474 2847 578 2911 noctis
602 2847 741 2911 aestivae
764 2847 849 2911 vices

88 2935 223 2998 hiberna
245 2937 343 3020 longa
367 2935 470 3019 spatia
493 2937 675 3017 producunt
698 2958 801 3017 mora,

87 3026 144 3085 aut
167 3024 244 3105 quid
268 3025 414 3088 cadentes
439 3025 560 3088 detinet
583 3026 693 3090 stelias
716 3025 814 3108 polo?

87 3108 254 3175 Phoebum
278 3115 461 3178 moramur?
484 3115 579 3177 redde
602 3114 667 3176 iem
690 3113 810 3227 mundo
835 3114 929 3177 diem.

159 3325 243 3403 116111.Ι
263 3323 454 3392 1111111911111
467 3325 548 3392 siqua
562 3324 657 3392 posuit
646 3324 718 3377 1.Μ
730 3324 880 3392 Metllerp
897 3329 956 3393 3811

89 3391 199 3460 suscepi
217 3393 250 3445 ci
270 3394 426 3448 Koetscbou
453 3398 461 3463 11
490 3399 524 3447 32
543 3398 680 3448 omnesA
707 3397 716 3463 11
745 3400 778 3447 31
802 3411 852 3449 avo
873 3398 956 3464 nepot

89 3468 123 3516 88
141 3462 266 3517 incestae
279 3468 302 3516 A
316 3465 325 3532 11
339 3469 374 3516 42
388 3467 454 3533 post
467 3465 576 3519 denaA
594 3465 673 3534 (bina
688 3484 709 3519 α
724 3466 836 3536 gemina
847 3468 956 3521 11111111

89 3551 183 3589 curem
201 3537 246 3604 ΕΙΙ
261 3539 291 3586 11
308 3535 391 3589 timet
409 3539 454 3604 ΕΗ
469 3541 503 3588 12
522 3553 558 3590 an
576 3538 738 3590 matremA
761 3541 791 3591 st
809 3556 845 3591 m.
867 3556 887 3590 α
