2394 3990
88 192 115 250 X
492 192 697 246 PRAEFATIO

89 348 196 422 typum
219 346 351 404 extitisse
378 345 501 403 alterius
530 344 684 402 cuiusdam
716 343 837 418 ordinis,
868 345 921 420 qui
947 345 1019 402 licet
1048 363 1107 404 sua

89 435 280 512 progenuerit
306 435 395 508 vitia,
422 433 474 492 ubi
502 436 648 492 consentit
675 452 744 491 cum
771 432 857 492 Italis
886 433 984 507 libris,
1011 452 1104 492 verae

87 524 223 583 lectionis
245 523 377 600 vulgaris
400 523 593 601 gravissimus
616 523 674 580 erit
696 523 795 596 testis3
822 522 873 580 ubi
896 522 1004 595 differt,
1027 541 1105 581 non·

89 631 252 687 numquam
265 612 411 671 Italorum
424 611 539 671 mendis
552 611 698 670 medelam
717 611 821 669 afferre
838 603 975 686 poterit'.
1008 609 1103 670 Cuius

88 701 200 760 ordinis
224 719 290 759 cum
307 704 427 776 praeter
444 701 585 759 Trevethi
606 699 716 758 librum
734 699 849 757 nullum
872 699 1022 777 exemplar
1041 718 1102 759 ser·

87 793 191 849 vatum
214 791 262 863 sit,
286 791 423 849 meliores
446 789 559 849 codices
582 789 795 848 Trevetbianos
823 789 1102 865 circumspiciendos

87 879 151 938 fore
174 881 204 938 et
233 877 455 955 comparandos.
506 876 571 936 Hac
598 877 634 936 de
662 896 752 936 causa
779 896 847 936 cum
874 877 982 936 codicis
1010 877 1101 936 Urbi·

87 969 167 1027 natis
196 967 258 1026 355
287 969 373 1045 signa
401 966 547 1044 quaedam
575 967 791 1025 Trevethianae
818 967 942 1044 originis
969 985 1041 1042 prae
1070 985 1102 1026 se

88 1057 209 1116 ferentis
242 1056 281 1115 ad
308 1054 465 1116 Octaviam
496 1057 637 1115 lectiones
674 1075 727 1131 per
759 1056 994 1115 Tecmnunmuu
1031 1074 1102 1114 cum

87 1145 335 1205 Weidmanniano
356 1147 440 1205 textu
458 1145 586 1205 conferri
603 1145 746 1218 iussisset,
765 1144 843 1219 quod
867 1144 939 1204 olim
962 1147 1101 1219 expertus

88 1238 161 1309 erat,
175 1233 380 1294 confirmatum
397 1234 484 1308 vidit,
503 1234 728 1293 commentarios
747 1233 867 1309 quidem
885 1233 1101 1293 Trevethianos

86 1324 195 1404 iterum
217 1325 385 1400 iterumque
409 1326 462 1382 eut
484 1324 570 1400 plene
594 1325 729 1381 exaratos
748 1322 841 1380 fuisse
859 1325 913 1380 aut
930 1323 962 1379 in
979 1320 1101 1381 brevius

86 1412 221 1472 redactos
257 1416 287 1471 et
317 1413 415 1471 verbis
447 1416 553 1488 poetae
585 1411 764 1487 adscriptos,
796 1410 848 1469 ssd
879 1412 924 1470 ita
954 1415 989 1469 ut
1019 1410 1101 1470 Italo

85 1503 182 1560 textui
206 1503 407 1560 attererentur
429 1520 489 1560 non
510 1501 691 1575 interpolato
712 1499 821 1558 Gallici
842 1503 941 1558 textus
964 1500 1102 1573 lectioni-

86 1590 154 1648 bus:
187 1591 286 1665 ipsum
317 1590 432 1648 textum
465 1589 656 1648 Trevethiani
687 1587 758 1646 libri
789 1588 938 1647 rarissime
970 1589 1102 1647 inveniri

86 1697 181 1753 neque
205 1677 242 1737 ab
265 1677 327 1737 ullo
350 1696 492 1752 umquam
521 1677 639 1736 homine
663 1677 829 1736 accuratius
858 1677 897 1736 ed
922 1677 977 1736 hoe
1005 1695 1102 1752 usque

87 1769 204 1842 tempus
232 1784 294 1825 esse
321 1765 505 1843 indagatum.
555 1766 635 1824 Nam
661 1765 838 1825 Urbinatem
864 1765 952 1823 illum
979 1765 1102 1824 affinem

87 1854 294 1933 Rehdigerano
320 1857 359 1913 12
385 1848 477 1936 (nunc
505 1846 583 1934 120)
611 1853 709 1914 ordini
734 1856 763 1912 Φ
785 1853 894 1930 potius,
922 1874 1010 1930 quem
1037 1853 1100 1914 Leo

89 1943 253 2018 constituit,
276 1943 532 2004 adnumerandum
555 1961 618 2002 esse
640 1963 735 2020 neque
758 1944 899 2002 ’11010111
921 1942 1031 2001 librum
1054 1963 1100 2003 re-

86 2036 284 2109 praesentare.
325 2032 425 2091 Unum
453 2032 691 2110 Rehdigeranum
712 2035 752 2091 14
777 2023 970 2112 (1110122)
994 2051 1101 2107 quam·

88 2141 178 2197 quam
212 2123 284 2180 setis
314 2125 462 2180 recentem
492 2124 522 2180 et
551 2123 583 2179 in
612 2121 717 2180 Medea
746 2121 955 2180 subsistentem
983 2123 1102 2180 textum

87 2209 227 2286 praebere
259 2213 290 2269 01
322 2212 547 2270 commentarios
575 2211 653 2269 inter
680 2228 711 2269 se
742 2209 960 2287 respondentes.
1008 2206 1101 2269 Cuius

88 2301 228 2358 lectiones
250 2300 283 2357 in
304 2298 431 2358 Hercule
453 2299 570 2358 furente
598 2317 665 2358 cnm
693 2293 854 2359 ‘Italorum
877 2291 1006 2374 optimo'
1031 2315 1100 2357 eon-

86 2388 168 2463 tulit,
190 2388 317 2447 collatae
341 2387 415 2464 quid
437 2387 589 2447 differrent
607 2406 676 2446 eum
693 2390 772 2447 inter
790 2407 821 2447 se
839 2391 904 2446 tum
923 2406 941 2444 a
959 2388 1101 2446 contextu

88 2496 176 2553 quem
198 2476 257 2536 Leo
281 2478 436 2536 constituit
459 2479 633 2553 exploravit,
655 2479 720 2534 tum
743 2478 891 2553 quotquot
919 2476 1023 2535 elicere
1046 2494 1101 2551 po-

87 2568 147 2624 tuit
168 2565 380 2625 lievethianas
398 2566 539 2625 lectiones
558 2557 605 2647 (τ)
625 2585 660 2624 ex
678 2567 957 2625 commentariorum
974 2564 1100 2624 latebris

87 2657 227 2732 apposuit
258 2656 425 2730 mirumque
457 2657 491 2713 ut
522 2673 696 2714 consensum
728 2657 826 2714 textus
860 2673 927 2720 eum
958 2654 1102 2713 Trevethi

87 2744 197 2819 verbis,
225 2745 269 2802 ita
297 2743 463 2803 dissensum
488 2746 642 2820 utriusque
671 2742 707 2802 ab
736 2743 814 2803 Itala
841 2743 967 2802 lectione
995 2741 1100 2816 depre-

87 2832 199 2891 hendit.
243 2832 292 2892 Sic
316 2851 501 2892 communem
524 2836 554 2891 et
577 2831 684 2892 codicis
703 2832 740 2907 D,
763 2834 783 2890 i.
803 2852 826 2892 e.
845 2831 989 2890 librorum
1010 2830 1048 2889 ad
1068 2833 1105 2890 Π

89 2921 213 2980 classem
241 2923 463 2997 pertinentium,
492 2925 522 2982 et
554 2921 745 2980 Trevethiani
777 2922 953 2998 exemplaris
984 2920 1102 2980 fontem

88 3008 146 3068 sibi
172 3009 253 3068 visus
282 3014 326 3069 est
358 3012 508 3086 apenrisse
536 3028 630 3085 neque
664 3011 756 3069 alium
788 3010 929 3088 vulgatae
960 3009 1100 3069 lectionis

87 3099 200 3158 fontem
231 3099 323 3158 fuisse
355 3100 469 3158 statuit.
521 3097 676 3176 Speeimon
709 3099 887 3158 recensionis
919 3098 947 3156 A
980 3098 1101 3172 qualem

88 3187 187 3245 animo
218 3187 275 3245 sibi
305 3185 390 3245 finxit
418 3187 556 3247 Herculis
586 3187 720 3262 fabulae,
749 3189 781 3246 11
812 3187 982 3265 appendicis
1012 3190 1100 3262 parte

88 3276 182 3335 altera
204 3277 360 3352 proposuit
384 3267 467 3357 (ibid.
486 3297 514 3352 p.
531 3269 662 3357 9-14).

154 3364 240 3423 Hanc
262 3362 390 3422 Pmmnu
413 3367 700 3442 argumentationem
724 3366 829 3441 quibus
857 3363 1022 3424 rationibus
1047 3363 1100 3422 ad·

88 3452 193 3512 ductis
217 3472 276 3511 non
298 3455 408 3529 possim
431 3472 485 3530 pro
509 3455 582 3512 satis
606 3456 686 3514 certo
709 3457 739 3514 et
762 3454 857 3514 solido
881 3453 1101 3528 disquisitionis

87 3541 279 3601 fundamento
307 3541 423 3616 habere,
451 3540 679 3611 Quaestionibus
702 3545 814 3602 criticis
842 3563 870 3619 p.
893 3543 932 3600 13
953 3545 982 3600 et
1002 3542 1042 3599 26
1055 3560 1101 3618 sq.

486 3696 636 3735 Α
657 3668 659 3673 ’
