2394 3990
90 183 155 246 114
414 182 443 235 L.
459 181 601 235 ANNAEI
620 181 783 237 SENECAE

88 333 145 392 tuo
169 327 296 391 redibis,
342 327 458 391 melius
481 328 552 392 istis
575 327 702 392 viribus

89 439 173 480 nova
194 437 294 501 regna
316 417 406 479 nullo
430 419 548 481 scelere
570 416 731 482 maculata
753 422 894 501 appetas.
1053 437 1101 484 620

90 507 169 588 quin
191 506 259 587 ipse
282 505 381 568 frater
404 527 492 569 arma
515 506 686 569 comitatus
710 509 767 569 tua

89 594 150 657 tibi
173 593 335 657 militabit.
381 594 461 658 vade
485 597 517 658 et
539 593 573 658 id
596 594 718 658 bellum
741 616 816 680 gere

89 683 123 745 in
147 704 210 765 quc
233 686 324 764 pater
346 687 511 766 materque
534 683 694 768 pugnanti
716 683 778 747 tibi

88 771 195 835 favere
218 771 351 853 possint.
396 793 496 856 regna
519 793 592 835 cum
616 773 733 837 scelere
757 773 908 837 omnibus

89 863 165 922 sunt
188 860 280 923 exilis
304 860 460 944 graviora.
507 881 592 924 nunc
615 861 693 924 belli
716 861 802 924 mala
1056 879 1107 928 625

88 970 246 1031 propone,
270 948 383 1012 dubias
406 948 519 1013 Martis
542 949 657 1013 incerti
679 949 778 1013 vices:

87 1037 164 1100 licet
188 1058 282 1100 omne
305 1040 412 1101 tecum
437 1036 586 1102 Graeciae
608 1039 708 1102 robur
731 1038 853 1120 trahas,

87 1125 164 1189 licet
187 1148 275 1189 arma
297 1126 394 1210 longe
416 1126 509 1190 miles
533 1147 570 1190 ac
592 1127 657 1191 late
681 1127 833 1210 explicet,

87 1215 217 1277 fortuna
240 1214 317 1278 belli
341 1236 467 1298 semper
489 1216 622 1298 ancipiti
645 1217 679 1279 in
701 1217 773 1280 loco
798 1219 854 1280 est.

88 1302 314 1386 quodcumque
337 1302 424 1367 Mars
448 1305 602 1390 decernit3
626 1308 783 1387 exaequat
807 1304 903 1387 duos,
1057 1323 1110 1372 666

87 1393 163 1455 licet
186 1393 324 1475 impares
348 1393 426 1475 sint,
450 1392 590 1478 gladius3
613 1396 645 1457 et
669 1414 741 1476 spes
765 1397 798 1456 et
820 1398 927 1457 metus

87 1479 166 1544 Fors
190 1503 283 1546 caeca
306 1484 419 1544 versat.
465 1482 644 1565 praemium
668 1482 826 1545 incertum
849 1483 948 1566 petis,

88 1573 209 1632 certum
234 1569 346 1632 scelus.
391 1569 509 1633 favisse
532 1570 583 1633 fac
606 1571 691 1634 votis
715 1570 790 1634 deos

88 1678 198 1721 omnes
221 1658 299 1721 tuis:
324 1679 444 1722 cessere
468 1662 500 1722 et
523 1658 627 1722 aversi
648 1659 760 1743 fugam

2 1762 4 1765 ·
87 1747 207 1828 petiere
230 1747 329 1828 cives,
353 1747 441 1810 clade
464 1748 722 1812 funesta'iacens
1056 1767 1110 1814 666

88 1835 212 1898 obtexit
235 1856 329 1920 agros
352 1835 445 1899 miles
468 1873 512 1882 -—
536 1837 659 1900 exultes
681 1837 758 1900 licet

87 1924 253 2005 victorque
275 1924 384 1987 fratris
408 1924 512 2007 spolia
535 1924 649 1988 deiecti
672 1945 777 2008 geras:

85 2012 263 2097 frangenda
286 2013 394 2095 palma
416 2016 472 2076 est.
520 2014 614 2096 quale
637 2017 673 2076 tu
695 2012 759 2076 hoc
782 2013 904 2076 bellum
927 2019 1041 2099 putas,

87 2101 208 2182 inquo
233 2102 444 2165 execrandum
468 2101 571 2165 victor
595 2101 736 2165 admittit
758 2101 862 2184 nefas,
1095 2125 1098 2132 ·

87 2190 114 2252 si
138 2189 277 2274 gaudet?
301 2189 388 2254 hunc
411 2213 506 2273 quem
530 2190 656 2254 vincere
680 2190 793 2253 infelix
817 2191 923 2273 cupis,
1054 2209 1108 2259 640

87 2299 160 2341 eum
184 2278 312 2361 viceris,
335 2279 470 2363 lugebis.
516 2279 672 2342 infaustas
696 2300 755 2363 age
830 2292 833 2296 ⁴

87 2366 213 2430 dimitte
237 2388 376 2451 pugnas,
399 2367 501 2431 libera
523 2368 660 2450 patriam
684 2371 786 2450 metu,

85 2455 175 2518 luctu
199 2459 355 2538 parentes.
401 2472 479 2519 Pon.
503 2453 638 2520 Sceleris
661 2460 694 2519 et
715 2455 838 2520 fraudis
861 2478 938 2520 suae

86 2566 205 2627 poenas
229 2543 385 2607 nefandus
408 2545 507 2608 frater
529 2549 566 2608 ut
588 2545 694 2608 nullas
716 2545 820 2608 ferat‘?
1089 2622 1093 2627 ⁵

85 2649 152 2697 100.
176 2631 226 2698 Ne
250 2637 366 2696 metue.
407 2654 527 2716 poenas
552 2637 583 2697 et
607 2633 736 2716 quidem
760 2633 864 2697 solvet
887 2655 1016 2719 graves:
1052 2652 1104 2700 645

84 2722 243 2806 regnabit.
285 2724 333 2785 est
355 2720 435 2785 haec
458 2743 569 2804 poena.
612 2722 639 2785 si
663 2721 804 2804 dubitas,
827 2743 887 2786 arc

85 2810 233 2893 patrique
257 2810 362 2874 crede:
386 2807 525 2874 Cadmus
547 2810 610 2874 hoc
634 2810 718 2875 dicet
741 2810 802 2874 tibi

86 2897 262 2982 Cadmique
285 2900 401 2981 proles.
448 2903 572 2981 sceptra
595 2897 749 2962 Thebano
772 2899 836 2962 fuit

85 2988 217 3071 impune
241 2988 323 3051 nulli
347 3010 470 3073 gerere,
493 3009 552 3052 nec
576 2988 747 3071 quisquam
770 2987 834 3050 fide

157 3113 205 3160 616
223 3108 287 3161 mel.
302 3126 369 3161 usus
383 3109 432 3162 vir.
447 3113 470 3160 Δ
484 3111 493 3178 ΙΙ
508 3114 558 3161 627
578 3108 655 3178 regie
668 3108 754 3162 robur
768 3113 805 3160 M
823 3109 832 3177 ll
846 3112 899 3161 660
918 3108 1047 3164 decreuit
1060 3127 1079 3164 τ
1092 3111 1102 3181 ll

86 3183 134 3231 661
153 3178 289 3247 gladios
322 3182 330 3247 ΙΙ
363 3184 416 3232 662
436 3195 494 3232 sors
513 3179 883 3248 cabannensem.
903 3182 940 3233 59
960 3181 1100 3251 (cfiVerp.

85 3251 130 3302 ccl.
146 3254 173 3314 9,
188 3252 217 3316 5)
244 3251 247 3314 Ι
272 3249 346 3318 petit
364 3261 392 3314 ψ
420 3251 428 3318 ll
456 3254 507 3302 666
527 3249 641 3318 petiere.
670 3248 749 3303 (lives
769 3267 791 3303 c.
811 3249 830 3304 f.
850 3249 952 3304 iacent.
983 3252 1101 3321 Rutpers

82 3336 110 3386 p.
128 3324 180 3373 601
202 3321 271 3386 (coll.
288 3321 381 3374 Aeaeb.
401 3321 507 3389 Septem
524 3325 593 3388 200)
616 3324 625 3391 [Ι
648 3326 700 3374 666
719 3320 800 3374 miles
820 3327 942 3390 agrosB
966 3323 975 3391 ll
998 3327 1051 3375 666
1069 3325 1100 3375 tu

84 3390 115 3443 id
133 3389 160 3443 b.
175 3393 198 3440 A
221 3393 230 3459 ΙΙ
253 3395 304 3442 646
324 3390 403 3444 luctu
421 3408 480 3460 par.
497 3392 561 3445 scel.
577 3394 605 3446 et
624 3398 710 3446 om.E
729 3393 830 3462 (tabem
848 3410 907 3446 ron.
922 3391 956 3446 fr.
972 3393 1004 3461 s.)
1022 3396 1026 3462 Ι
1041 3412 1098 3446 ron.

85 3463 201 3530 606411
222 3466 273 3513 645
292 3480 345 3516 10c.
361 3479 411 3516 oar.
426 3467 449 3513 Δ
469 3466 478 3531 (Ι
499 3469 551 3517 646
569 3462 639 3516 haec
658 3465 701 3516 est
719 3475 747 3528 ψ
770 3465 779 3531 ΙΙ
802 3467 854 3517 646
873 3461 1034 3517 Thebarum
1053 3482 1074 3518 a
1091 3466 1099 3533 l!

85 3537 137 3586 649
156 3532 224 3601 Imp.
240 3551 266 3585 n.
282 3532 397 3605 g.1Nec
416 3551 441 3601 q.
456 3533 480 3587 f.
497 3540 519 3586 E
