2394 3990
84 161 151 219 un
491 162 696 218 mimano
723 139 727 144 ’

85 315 200 375 inserta
221 334 250 391 p,
266 314 339 390 seq.
362 308 491 394 cerff)
527 311 711 374 Granmime
732 333 803 373 vero
820 313 913 373 Leoni
936 318 1109 376 auctoritas

85 409 191 481 postes
210 404 335 463 accesnt
352 400 489 462 Orrosre
511 403 675 462 Brennum
697 403 815 481 integre
837 403 947 462 codicis
969 405 1108 480 collatio,

87 498 158 553 ante
179 492 290 552 multos
314 510 407 552 annos
429 491 468 550 ab
490 510 526 552 eo
547 485 739 573 confecte,”)
761 512 821 552 non
843 498 945 550 tamen
967 512 1108 568 unquam

85 579 200 661 publici
211 582 286 641 iuris
300 580 390 656 tacte,
403 585 473 658 post
490 583 603 660 egregii
620 582 679 639 viri
696 587 824 641 mortem
837 580 980 640 Guouclo
994 580 1107 641 Gom

87 672 184 732 emico
205 669 407 730 intercedente
429 669 610 730 liberalitate
637 674 669 729 ct
689 669 897 730 benevolentia
923 672 1025 730 uxoris
1055 689 1105 731 su·

86 759 222 838 perstitit
243 758 319 819 milri
341 757 464 819 credita
501 758 568 829 Qua
590 759 750 837 diligenter
771 761 942 818 examinata
962 760 1107 845 omnihus

86 866 182 927 paene
205 848 280 908 locis
301 847 382 908 idern
404 848 512 927 legisse
538 853 712 925 utrumque,
738 867 888 924 perpauca
910 847 948 906 ab
970 867 1031 908 uno
1054 850 1106 909 vel

87 937 184 998 altero
197 937 336 1016 neglecta
348 955 412 998 esse
430 936 574 997 affirmari
586 939 694 1013 potest
732 935 927 1016 spicilegium
940 938 1106 997 lectionum

87 1025 156 1087 «leci
184 1026 250 1087 loco
278 1043 370 1104 snpra
396 1018 438 1108 (n.
460 1019 494 1108 1)
516 1030 681 1086 memorato
702 1047 731 1103 p.
746 1028 789 1085 29
799 1045 863 1103 sqq.
910 1025 1048 1086 ceterum
1071 1030 1105 1086 iu

87 1114 243 1177 enotendis
266 1115 373 1192 optimi
390 1115 461 1175 libri
483 1117 639 1194 scripturis
661 1134 721 1174 non
741 1117 828 1174 auxie
847 1117 958 1190 curavi,
975 1120 1011 1174 ut
1032 1119 1106 1193 post

86 1202 217 1265 anssn
241 1222 358 1265 omnem
380 1204 517 1266 lectionis
545 1205 775 1282 discrepantiam
801 1205 939 1282 religiose
966 1202 1033 1262 cuni
1061 1206 1105 1264 le·

86 1293 225 1374 gentibus
249 1295 504 1354 communicarem
541 1292 628 1363 Quod
650 1312 716 1353 cum
743 1295 942 1368 praetermitti
964 1297 1105 1370 nequeat,

86 1384 114 1444 si
135 1381 165 1442 id
191 1385 302 1462 agitur,
323 1385 360 1442 ut
382 1382 419 1442 de
442 1382 552 1442 codicis
572 1382 672 1443 indole
696 1387 727 1442 et
743 1385 852 1441 nature
870 1384 1009 1442 certiores
1027 1382 1107 1442 fiant

87 1471 229 1550 legentes,
251 1475 354 1531 tamen
375 1472 455 1531 iuste
477 1471 628 1531 omittitur
648 1471 702 1530 ubi
724 1472 794 1530 huic
816 1471 962 1531 desiderio
985 1471 1105 1531 abunde

87 1550 608 1640 setissectumest(heol,1sqq.).
644 1560 704 1620 Eas
726 1561 820 1637 igitur
842 1562 1004 1638 scripturas
1027 1563 1104 1621 satis

86 1647 179 1709 hebui
207 1648 359 1722 attulisse,
382 1648 490 1724 quibus
519 1648 589 1723 quid
616 1649 695 1708 iuter
721 1652 879 1724 utramque
903 1651 1106 1709 recensionem

87 1738 255 1812 interesset,
278 1736 444 1796 luculenter
465 1739 592 1814 perspici
614 1741 725 1815 posset,
747 1739 859 1797 ceteras
882 1740 977 1797 omisi

154 1824 254 1886 Minus
279 1824 407 1886 feliciter
434 1826 523 1885 cessit
549 1823 648 1885 Lnoru
676 1827 830 1904 negotium
856 1827 889 1884 in
917 1827 1105 1886 restituenda

87 1915 267 1976 recensionis
300 1914 498 1992 interpolatae
530 1915 627 1974 forma
659 1915 875 1991 antiquissima.
924 1915 1004 1974 Nam
1035 1934 1105 1974 cum

160 2155 184 2226 ¹⁸)
202 2153 245 2211 De
264 2154 403 2225 corruptis
437 2153 587 2209 uibusdem
602 2153 724 2211 Senecae
737 2154 948 2226 tragoediarum
961 2154 1032 2209 locis
1046 2155 1106 2210 dis-

88 2224 201 2298 putavit
214 2224 245 2282 G.
256 2224 373 2282 Richter
386 2225 416 2280 in
446 2225 562 2296 ymbole
572 2226 717 2280 doctorum
726 2226 854 2281 lenensis
864 2226 1005 2297 gymnesii
1014 2226 1045 2279 in
1054 2226 1107 2282 ho·

88 2312 185 2353 norem
200 2314 293 2368 gymn,
309 2296 482 2352 Isenacensis
495 2297 621 2352 collecta.
649 2296 824 2352 Jenee1894.
839 2316 867 2367 p.
877 2303 963 2352 1-38
974 2299 1073 2367 (ceput
1083 2299 1105 2353 I.

89 2368 232 2435 Quantum
258 2368 435 2423 auctoritatis
459 2367 569 2439 vulgari
598 2369 755 2423 recensioni
780 2370 825 2439 (A)
849 2368 1032 2423 tribuendum
1058 2369 1105 2424 sit.

90 2454 150 2511 cep.
169 2438 202 2495 ll.
228 2438 316 2494 Verie
338 2438 514 2511 corruptelae
552 2454 636 2494 encre
658 2440 845 2495 illustrentur.
882 2441 914 2494 A.
925 2440 967 2494 De
984 2440 1105 2496 lacunis.

90 2527 150 2582 cep.
166 2510 212 2566 ΙΙΙ.
228 2510 258 2566 Β,
283 2508 326 2565 De
344 2526 473 2565 versuum
491 2528 523 2565 or
542 2511 589 2565 ine
607 2511 729 2567 turbato.
754 2528 815 2581 cep.
834 2510 880 2566 IV.
900 2509 927 2565 O.
947 2510 1107 2566 Verborum

91 2580 266 2653 corruptelae
286 2581 425 2650 quaedem
444 2582 646 2652 emendentur).

161 2671 199 2745 **)
219 2671 336 2726 Aestate
356 2670 423 2724 anni
441 2667 635 2739 Meconem,
655 2671 689 2726 cf.
711 2670 789 2726 ‘Otto
808 2669 949 2737 Ribbeck,
974 2670 1019 2724 ein
1037 2671 1107 2725 Bild

91 2743 182 2799 seines
197 2742 315 2811 Lebens,
331 2757 381 2797 aus
396 2740 492 2797 seinen
506 2740 620 2796 Briefen
639 2747 823 2797 lece—1898.
852 2741 994 2812 stuttgart
1013 2744 1105 2798 1901’.

89 2813 122 2869 ln
137 2813 258 2885 epistole
272 2814 309 2868 ed
348 2815 460 2869 erentes
474 2811 635 2867 Florentiae
650 2812 739 2867 XXV⁰
757 2813 804 2868 die
820 2813 924 2867 mensis
937 2812 1016 2866 Junii
1035 2813 1107 2867 dete

91 2883 162 2940 haec
181 2883 291 2940 scribit:
333 2903 351 2939 n
370 2884 482 2940 melnen
500 2883 666 2939 htuslichen
680 2884 902 2952 Mussestunden,
922 2884 1007 2938 deren
1024 2884 1108 2939 nieht

92 2953 274 3025 ellauwenige
289 2954 360 3023 sind,
372 2954 431 3010 lese
444 2955 491 3010 ich
502 2953 576 3024 jetat
590 2954 638 3009 des
653 2954 729 3010 elten
739 2954 882 3010 Secchetti
897 2960 949 3008 300
958 2954 1106 3025 Novellen,

92 3024 164 3082 viole
178 3024 232 3080 mit
245 3025 367 3095 grossem
382 3026 486 3081 Genuss
501 3025 687 3096 verspeisend.
703 3059 736 3067 -
756 3026 922 3080 Ausserdem
935 3025 1107 3096 langweilen

91 3095 167 3152 mich
182 3097 305 3153 Senecee
324 3097 488 3166 tragoediae
506 3095 652 3152 bisweilen
670 3097 757 3165 mehr,
775 3097 817 3151 als
837 3097 883 3151 die
901 3097 1004 3151 echone
1021 3096 1107 3152 latei-

92 3166 189 3223 nisohe
213 3166 335 3238 Spreche
360 3166 464 3222 dulden
493 3166 588 3236 sollte,
617 3184 646 3223 es
674 3167 713 3222 ist
741 3167 810 3223 alles
836 3168 903 3223 eitel
925 3168 1022 3237 Klopf·
1045 3169 1107 3222 und

93 3236 343 3311 Spiegclleohterei
368 3237 417 3292 der
439 3237 535 3307 Helle3
559 3239 609 3294 der
631 3238 703 3293 Text
725 3239 796 3293 wird
820 3239 888 3294 aber
910 3239 941 3293 in
959 3239 1027 3293 sehr
1044 3255 1107 3293 ver-

92 3308 234 3366 besscrter
248 3307 360 3364 Gestalt
374 3323 424 3363 aus
438 3309 550 3364 meinen
564 3308 712 3364 Muhsalen
731 3310 928 3382 hervorgehen.
955 3310 1107 3365 Trotzdem

93 3380 161 3438 uber
180 3380 248 3437 oder
267 3379 337 3436 eben
352 3378 416 3435 weil
434 3379 481 3435 ich
499 3396 574 3450 genu
611 3380 695 3448 habe,
709 3381 774 3436 less’
792 3381 839 3437 ich
857 3381 933 3436 mich
948 3380 1028 3436 nicht
1045 3397 1107 3437 ver·

92 3450 193 3508 lttluen
212 3451 284 3506 arech
303 3450 382 3506 lvree
400 3468 433 3504 ru
453 3451 551 3521 gehen.
606 3468 636 3506 er
654 3452 768 3509 Mensch
786 3452 825 3510 ist
842 3451 928 3506 keine
944 3452 1110 3508 sementen-

91 3522 235 3579 ihcssendo
258 3521 352 3577 Bestia
371 3537 394 3576 e.
410 3539 435 3590 q.
451 3539 471 3575 s.
1101 3559 1105 3565 .
