2394 3990
87 218 152 284 292
412 219 441 271 L.
456 217 598 271 ANNAEI
616 216 780 272 SENECAE

86 385 197 450 parces
222 368 254 428 et
276 364 350 428 illis.
396 363 512 428 consili
529 360 754 449 Agamemnon
776 364 840 429 mei
1052 382 1102 431 330

86 454 191 519 sciens
214 453 360 516 minister
382 453 440 516 fiat
463 456 495 516 et
516 453 609 520 fratri
632 452 734 518 sciens

86 541 252 607 Menelaus
276 541 367 605 adsit.
413 540 513 624 prolis
537 541 677 605 incertae
699 542 778 606 fides

87 653 127 695 ex
149 630 212 695 hoo
234 634 363 714 petatur
386 629 516 695 scelere:
540 631 568 694 si
590 629 676 694 bella
698 631 846 695 abnuunt

87 723 120 784 et
142 741 251 805 gerere
274 720 390 783 nolunt
413 718 498 802 odia,
522 719 550 783 si
572 722 723 803 patruum
746 723 876 802 vocent,

87 812 179 892 pater
202 811 258 872 est.
300 811 398 872 eatur.
418 845 460 854 —
479 808 582 872 multa
605 808 661 872 sed
683 808 827 892 trepidus
851 810 934 873 solet
1052 826 1103 875 330

89 897 235 983 detegere
258 897 381 979 vultus,
403 917 521 982 magna
543 897 706 961 nolenteffl
730 918 858 981 quoque

88 986 223 1050 consilia
244 986 398 1069 produnt:
421 986 567 1050 nesciant
590 989 728 1068 quantae
750 986 798 1050 rei
857 1017 861 1024 ·

87 1075 168 1138 fiant
190 1074 338 1139 ministri.
384 1077 494 1138 nostra
516 1078 553 1138 tu
576 1078 690 1158 coepta
713 1075 848 1140 3330133.

89 1179 163 1228 sar.
186 1161 284 1227 Haud
305 1184 378 1227 sum
400 1163 592 1227 monendus:
616 1164 678 1227 ista
700 1167 812 1228 nostro
836 1165 871 1228 in
893 1169 1025 1249 pectore

88 1251 167 1316 fides
190 1252 364 1336 timorque,
388 1251 444 1314 sed
466 1252 570 1336 magis
594 1252 721 1316 claudet
742 1252 831 1316 fides.
1053 1269 1102 1318 335

509 1461 683 1528 OHORVS

391 1587 548 1672 [Tandem
570 1587 660 1673 regia
682 1587 816 1669 nobilis,

325 1677 450 1758 antiqui
473 1695 575 1760 genus
597 1673 723 1758 Inachi,

324 1763 460 1828 fratum
489 1764 670 1846 composuit
692 1763 819 1848 minas]

394 1850 472 1927 Quis
494 1872 552 1917 vos
576 1853 719 1938 exagitat
740 1853 839 1935 furor,

327 1941 457 2005 alteimis
481 1940 555 2004 dare
578 1942 768 2026 sanguinem
1056 1959 1104 2008 340

327 2032 359 2092 et
381 2033 543 2113 sceptrum
567 2030 684 2094 scelere
707 2030 861 2116 aggredi?

328 2118 472 2201 nescitis,
495 2118 605 2201 cupidi
627 2119 764 2200 arcium,

326 2228 463 2292 regnum
487 2228 551 2289 quo
575 2206 678 2271 iaceat
699 2206 781 2272 1033.

326 2317 436 2381 regem
458 2316 525 2360 non
546 2295 671 2360 faciunt
693 2318 784 2379 opes,

327 2405 394 2447 non
416 2385 514 2448 vestis
533 2383 648 2467 Tyriae
672 2386 770 2467 color,
1056 2402 1104 2450 345

327 2494 394 2536 non
415 2473 531 2538 frontis
554 2477 633 2538 nota
654 2474 776 2559 regiae,

326 2582 393 2625 non
416 2583 493 2626 auro
517 2561 638 2626 nitidae
660 2563 781 2635 trabes:

326 2671 383 2714 rex
406 2654 454 2714 est
478 2650 534 2734 qui
556 2650 666 2734 posuit
687 2655 792 2715 metus

164 2863 215 2912 833
235 2858 320 2912 inin
345 2860 349 2930 Ι
374 2859 598 2928 AgamennonE
630 2862 639 2929 ΙΙ
671 2865 724 2914 338
743 2860 864 2915 insciens
884 2879 920 2915 m.
940 2867 963 2914 Ε
989 2863 993 2930 Ι
1017 2862 1105 2930 patris

93 2929 180 2984 cliens
204 2934 227 2982 A
254 2929 330 2999 patri
354 2929 429 2985 citt
454 2947 522 2985 corr.
547 2931 648 2999 Paipar
671 2933 812 3002 (Bentley)
845 2935 854 3002 ΙΙ
885 2937 937 2986 337
967 2932 1081 2986 333113

93 3006 145 3054 330
165 3000 214 3068 qui
229 3000 305 3054 bella
318 3007 340 3053 Ε
354 3003 363 3070 ΙΙ
378 3006 431 3054 333
444 3003 557 3071 patrum
571 3007 593 3054 Ε
607 3004 616 3072 ΙΙ
630 3007 682 3055 883
701 3002 798 3057 333013
811 3008 834 3056 Δ
848 3005 857 3073 lt
871 3006 922 3056 333
940 3003 1086 3058 31303134

94 3076 234 3125 333-337
262 3088 356 3127 uersus
383 3073 510 3128 binorum
536 3074 669 3139 colorum,
704 3074 841 3129 distinctis
867 3074 1040 3143 singulorum
1066 3077 1106 3129 ia-

94 3143 153 3197 itiia
171 3148 193 3195 Ε
215 3144 225 3211 11
248 3148 389 3196 333-333
408 3145 478 3198 delet
495 3144 620 3212 Richter,
638 3151 730 3199 tuetur
747 3146 805 3200 Leo
823 3145 935 3200 [1383.
969 3146 1010 3201 At
1027 3153 1054 3201 et
1069 3162 1106 3200 sa·

94 3214 237 3282 questibus
250 3221 406 3284 repugnant
418 3221 444 3269 et
453 3216 614 3283 posterioris
627 3216 728 3270 cantici
741 3218 823 3272 initio
834 3220 961 3286 (546333.
972 3220 1086 3288 55833.)
1104 3217 1107 3288 t

90 3288 235 3337 7343--803
254 3286 411 3351 affaretur
433 3304 452 3342 a
469 3286 618 3341 Lactantio
636 3287 753 3342 Placido
771 3287 856 3343 Statii
878 3288 1032 3356 interprete.
1101 3328 1107 3342 .

91 3355 182 3424 praef.
198 3371 218 3410 3.
233 3356 272 3409 ΙΙ
294 3358 304 3424 ΙΙ
331 3361 383 3410 343
401 3373 437 3410 ne
456 3357 496 3411 313
514 3357 621 3411 horotis
640 3375 702 3426 cup.
719 3374 743 3412 a.
761 3359 824 3414 cod.
839 3360 985 3419 Parem
1002 3359 1082 3416 Lan.
1099 3360 1109 3432 i

95 3431 148 3479 343
167 3429 252 3480 uocat
270 3425 331 3481 loco
350 3427 519 3496 1133311844
536 3444 617 3498 reges
635 3431 681 3498 At!
695 3434 746 3482 340
765 3432 859 3484 uestes
878 3429 1109 3500 1333184333-

95 3497 144 3567 gia
160 3497 263 3624 LactLss
278 3503 329 3624 8ΐῖ
348 3497 421 3554 13333
439 3506 461 3552 Ε
479 3499 574 3554 trabes
590 3499 705 3555 ALaet.
720 3503 729 3570 ΙΙ
744 3506 795 3554 843
814 3516 910 3571 regem
926 3502 1029 3585 rogem
1044 3502 1108 3572 (313

95 3587 121 3637 q·
134 3587 163 3638 P·
178 3587 215 3624 m·
258 3587 309 3626 sw-
990 3588 1012 3625 '·¹
1046 3608 1049 3615 ·
