2394 3990
125 205 189 269 134
443 205 473 259 L.
487 205 630 258 ANNAEI
648 204 810 259 SENECAE

121 351 261 415 remedia
284 351 431 434 quotiens
455 351 578 414 invenit
600 351 694 415 nobis
718 351 795 415 deus

121 440 273 524 perieulis
296 440 417 523 peiore:
442 440 469 503 si
492 440 607 503 vellem
631 439 727 504 fidem

121 533 282 613 praestare
305 529 427 592 meritis
451 529 611 613 coniugis,
633 530 698 593 leto
721 529 784 592 fuit

122 621 219 701 eaput
242 617 452 701 offerendum3
475 618 503 681 si
526 618 608 681 mori
630 618 764 699 nollem,
786 618 850 682 fide

40 758 49 785 ¹.
121 708 237 770 misero
261 707 441 770 carendum.
486 728 552 770 non
574 707 672 781 timor
694 707 772 771 vioit
794 706 903 790 fidem,

36 792 39 797 ’
122 795 177 859 sed
200 795 324 878 trepida
346 796 461 878 pietas:
486 797 605 879 quippe
628 799 813 877 sequeretur
834 818 946 861 neoem

121 885 227 967 proles
252 888 428 967 parentum.
474 889 584 948 saneta
606 885 634 948 si
658 886 780 948 eaelum
805 885 919 950 ineolis

120 969 261 1055 Iustitia,
283 995 403 1036 numen
426 973 540 1036 invooo
564 994 601 1036 ae
624 976 725 1036 testor
746 977 851 1037 tuum:
1082 994 1135 1042 444

121 1062 189 1124 nati
211 1065 333 1144 patrem
357 1061 469 1126 vicere.
516 1063 594 1143 quin
616 1062 719 1144 ipsam
743 1083 884 1145 quoque,

122 1151 183 1214 etsi
205 1152 296 1214 ferox
319 1154 367 1214 est
390 1150 484 1215 eorde
507 1172 566 1214 444
589 1151 713 1234 petiens
737 1151 819 1236 iugi,

122 1240 287 1303 consulere
310 1239 395 1303 natis
418 1238 513 1302 malle
537 1261 633 1322 quam
656 1239 807 1304 thalamis
829 1262 910 1306 reor.

121 1329 290 1392 constituit
312 1329 437 1392 enimus
460 1329 608 1411 precibus
631 1329 745 1392 iratam
769 1329 909 1414 aggredi.

122 1420 218 1500 atque
242 1437 327 1499 eoee,
351 1417 420 1481 viso
443 1421 562 1480 memet
585 1417 711 1500 exiluit,
732 1417 825 1500 furit,
884 1426 888 1436 “
1082 1437 1134 1485 444

121 1506 184 1570 fert
207 1506 280 1569 odia
301 1528 377 1589 prae
400 1528 446 1570 se:
469 1509 558 1569 totus
582 1506 616 1568 in
638 1507 730 1571 vultu
753 1511 802 1571 est
825 1506 924 1570 dolor.

189 1701 272 1746 444.
287 1681 456 1768 Fugimus,·
466 1681 574 1747 Iason:
588 1683 731 1768 fugimus
741 1683 855 1748 —hoo
868 1689 1134 1772 nonestnorum

122 1776 246 1836 mutere
269 1771 372 1857 sedes3
395 1794 491 1836 eausa
513 1772 658 1857 fugiendi
680 1794 765 1836 nova
787 1775 848 1836 est:

122 1883 181 1945 pro
204 1865 236 1925 te
260 1861 401 1925 solebam
424 1861 544 1947 fugere.
591 1860 718 1925 discedo
742 1883 834 1944 exeo,

123 1950 293 2034 penatibus
316 1950 487 2034 profugere
512 1972 607 2031 quam
631 1950 720 2035 cogis
743 1950 821 2014 tuis:
1082 1968 1134 2018 450

122 2043 156 2102 at
180 2060 243 2121 quo
266 2039 425 2102 remittis?
448 2038 568 2102 Phasin
592 2042 624 2102 et
647 2036 784 2103 Colchos
807 2043 915 2122 petam

123 2129 326 2211 patriumque
348 2148 483 2212 regnum
508 2149 651 2210 quaeque
673 2127 832 2191 fraternus
856 2150 951 2193 eruor

122 2217 264 2301 perfudit
287 2216 382 2280 arva?
406 2238 485 2299 quas
508 2217 575 2299 peti
598 2220 697 2280 terres
720 2217 833 2281 iubes?

124 2328 205 2389 quae
228 2306 329 2368 maria
351 2305 531 2369 monstres?
555 2305 682 2369 Pontioi
703 2306 812 2370 fauces
834 2305 909 2370 freti

123 2416 180 2477 per
204 2416 282 2476 quas
304 2395 413 2458 revexi
435 2394 577 2458 nobilem
600 2416 712 2479 regum
735 2417 866 2458 menum
1082 2412 1134 2461 455

124 2483 302 2547 adulterum
327 2487 436 2547 secuta
457 2506 514 2567 per
537 2481 790 2568 Symplegadas?
865 2496 870 2513 ⁴

123 2594 296 2656 parvamne
319 2570 444 2655 Iolcon,
467 2571 619 2635 Thessala
641 2594 683 2635 44
705 2570 824 2655 Tempe
847 2572 977 2655 petam?

125 2684 341 2746 quascumque
365 2661 475 2744 aperui
498 2660 559 2724 tibi
581 2661 663 2742 vias,
686 2661 786 2724 clausi
808 2660 889 2724 mihi
911 2697 948 2707 -

125 2773 188 2834 quo
212 2774 263 2815 me
286 2751 445 2815 remittis?
468 2749 555 2813 exuli
579 2749 710 2813 exilium
734 2749 872 2833 imperas

195 2930 247 2979 433
266 2925 370 2980 totiens
386 2929 409 2978 Δ
423 2927 432 2994 ΙΙ
445 2929 498 2976 434
515 2923 605 2978 vicem
625 2923 833 2994 (1444441444
851 2924 939 2978 nolim
958 2926 1069 2994 411437
1089 2942 1137 2980 44-

124 2996 241 3049 rendum
264 2999 308 3050 est
325 3002 348 3048 Δ
372 2999 376 3065 Ι
400 2995 491 3049 uineit
512 2995 604 3048 uirum
623 2998 646 3047 Δ
672 2997 681 3064 ΙΙ
708 3000 760 3048 433
781 3011 849 3049 4444
868 3001 901 3060 Ε,
925 2997 971 3050 sed
993 2998 1136 3052 4444444444

123 3066 232 3122 viderer
254 3069 355 3122 lineola
377 3082 492 3136 sapere
515 3065 587 3136 (4441
610 3067 683 3119 4414
706 3073 731 3120 et
751 3067 861 3122 Gronov
883 3073 909 3121 et
925 3068 1046 3124 Ribbeck
1069 3069 1135 3140 1494-

124 3139 199 3206 reat)
214 3140 223 3207 ΙΙ
236 3143 289 3192 439
308 3156 323 3192 o
343 3141 440 3192 saneta
459 3156 480 3192 α
499 3140 597 3192 senota
615 3155 643 3192 ω
657 3139 667 3206 ΙΙ
684 3141 735 3190 447
755 3137 790 3203 cf.
805 3137 862 3192 Leo
880 3139 919 3192 ΙΙ
929 3142 984 3192 379
1002 3140 1011 3208 ΙΙ
1030 3144 1080 3192 441
1099 3140 1136 3193 ad

125 3225 194 3276 quos
213 3227 241 3263 ω
260 3226 328 3264 corr.
343 3210 400 3264 Leo
413 3212 422 3278 ΙΙ
435 3214 487 3262 443
506 3210 587 3263 verta
606 3223 675 3277 quas
690 3226 716 3276 p.
731 3210 751 3262 t.
765 3207 846 3262 iubes
862 3209 930 3264 citat
944 3209 1137 3279 Quintilianus

125 3281 160 3346 of.
169 3280 257 3348 praef.
268 3280 374 3348 oopJI
383 3283 392 3349 ΙΙ
406 3285 457 3332 444
472 3279 580 3334 nobiles
594 3296 692 3349 regum
700 3295 800 3333 monus
809 3284 832 3333 Δ
841 3279 850 3352 d
864 3285 917 3333 444
932 3279 1092 3335 adelterum
1101 3281 1137 3334 1¹

125 3367 194 3407 oorr.
209 3351 245 3404 13³
267 3354 277 3420 ΙΙ
299 3356 350 3403 447
371 3351 451 3405 44144
469 3357 490 3403 E
510 3351 626 3406 eolohon
645 3356 668 3402 Δ
686 3352 899 3419 corrodente
917 3355 1069 3421 paepetam
1088 3359 1110 3405 Ε
1127 3353 1138 3424 d

125 3427 178 3476 449
196 3422 287 3489 adfert
305 3422 453 3477 Eaaodius
472 3422 506 3488 cf.
518 3423 609 3491 praef.
624 3440 683 3491 cop.
698 3423 737 3475 ΙΙ
749 3423 753 3490 Ι
769 3421 834 3475 exul
851 3428 873 3474 E
892 3422 967 3476 exuli
987 3424 1138 3480 Etmodius

125 3511 187 3548 eura
208 3500 231 3546 Δ
259 3511 314 3562 quo
341 3509 385 3546 me
408 3493 528 3547 remittis
551 3493 677 3548 exulem?
706 3492 820 3548 exilium
843 3492 910 3563 imp.
940 3495 1041 3551 Usener
1061 3496 1136 3551 Mus.

126 3567 212 3620 Rhea.
227 3569 266 3620 28
281 3582 310 3634 p.
326 3569 378 3619 391
397 3581 424 3618 rr.
440 3569 464 3618 1.
