2394 3990
146 205 212 269 410
578 200 727 256 INCERTI

146 350 320 432 orbemque
342 347 502 430 Phoebes,
525 351 611 412 astra
635 368 730 430 quem
754 348 890 433 cingunt
913 371 1011 436 vaga,

145 440 273 521 lateque
295 437 424 520 fulgens
447 437 585 501 aetheris
608 437 719 522 magni
742 437 851 520 decus3

145 527 202 610 qui
226 527 253 590 si
276 525 426 608 senescit,
448 530 557 590 tantus
580 525 615 589 in
638 545 768 589 caecum
792 524 890 590 chaos

145 636 277 681 casurus
300 614 430 678 iterum:
453 618 531 678 tuno
554 614 645 678 adest
667 614 787 678 mundo
812 614 879 678 dies

144 725 313 787 supremus
336 703 405 785 ille,
429 704 485 786 qui
507 706 632 786 premat
656 724 756 787 genus
780 701 916 787 impium

145 792 353 875 melimine,
376 813 485 855 rursus
508 792 702 875 ut‘stirpem
725 812 843 854 novam

146 885 276 967 generet
299 901 467 944 renascens
490 879 614 963 melior,
636 882 673 943 ut
697 880 858 961 quondam
882 879 961 946 tulit

145 970 284 1052 iuvenis,
305 970 435 1033 tenente
456 990 557 1054 regna
580 966 719 1032 Saturno
743 967 820 1051 poli.

144 1062 223 1122 tunc
245 1058 302 1122 illa
323 1057 430 1143 virgo,
453 1057 594 1120 numinis
617 1057 728 1141 magni
751 1056 822 1140 dea,

146 1145 288 1229 Iustitia,
311 1147 398 1210 caelo
422 1147 520 1209 missa
543 1166 616 1210 oum
640 1148 751 1210 sancta
773 1144 851 1209 Fide

145 1236 239 1299 terris
262 1234 394 1320 regebat
417 1234 505 1298 mitis
528 1234 705 1297 humanum
730 1255 839 1319 genus.

145 1346 212 1388 non
234 1323 319 1387 bella
341 1326 471 1405 norant,
494 1344 560 1386 non
582 1323 679 1386 tubae
701 1322 849 1386 fremitus
871 1326 994 1406 truces,

145 1434 212 1476 non
234 1434 322 1476 arma
345 1415 472 1497 gentes,
494 1412 623 1496 cingere
646 1415 812 1475 assuerant
834 1432 908 1475 suas

145 1501 246 1564 muris
268 1521 328 1565 nec
350 1500 460 1564 urbes:
483 1500 629 1583 pervium
653 1499 777 1564 eunctis
800 1500 871 1581 iter,

145 1589 324 1652 communis
346 1609 423 1652 usus
447 1589 591 1652 omnium
614 1610 721 1652 rerum
743 1588 820 1672 fuit3

145 1681 177 1741 et
199 1678 269 1760 ipsa
288 1676 396 1741 Tellus
419 1677 504 1741 laeta
525 1677 680 1742 fecundos
704 1677 792 1740 sinus

144 1765 304 1849 pandebat
327 1767 426 1848 ultro,
448 1770 515 1830 tem
538 1765 601 1850 piis
623 1766 702 1829 felix
725 1786 840 1849 parens

145 1859 177 1919 et
200 1859 271 1918 tuta
294 1853 440 1917 alumnis.
486 1855 549 1918 alia
573 1855 628 1918 sed
652 1855 781 1918 suboles
804 1853 910 1917 minus
993 1935 995 1938 Α

145 1946 315 2026 conspecta
337 1943 440 2026 mitis,
463 1944 595 2007 tertium
619 1944 731 2007 sollers
755 1963 856 2026 genus

145 2054 244 2095 novas
268 2032 308 2095 ad
331 2035 414 2094 artes
438 2054 477 2095 ex
492 2032 559 2113 itit,
582 2035 728 2095 sanctum
751 2034 872 2114 tamen3

144 2141 220 2183 mox
243 2119 438 2202 inquietum,
462 2121 548 2203 quod
572 2121 662 2203 sequi
686 2141 781 2184 cursu
803 2120 886 2184 feras

144 2209 274 2272 auderet
297 2230 398 2291 acres,
420 2209 572 2273 fluctibus
595 2213 698 2273 tectos
722 2209 812 2294 gravi

145 2296 310 2361 extrahere
332 2295 436 2380 pisces
459 2302 526 2361 rete
549 2298 602 2362 vel
625 2299 747 2361 calamo
770 2297 834 2361 levi

143 2385 289 2469 decipere
312 2387 458 2450 volucres
481 2391 567 2450 crate
590 2387 643 2451 vel
666 2409 682 2446 s
706 2408 723 2445 s

143 2477 251 2538 tenere
274 2476 403 2558 laqueo,
426 2496 570 2558 premere
594 2474 755 2539 subiectos
779 2476 856 2558 iugo

143 2568 254 2627 tauros
276 2564 412 2645 feroces,
435 2584 563 2627 vomere
586 2564 762 2627 immunem
785 2563 874 2646 prius

144 2654 266 2716 sulcare
289 2657 421 2735 terram,
443 2652 530 2715 laesa
554 2674 635 2735 quoe
658 2652 767 2737 fruges
790 2673 864 2715 suas
1106 2665 1153 2716 415

216 2849 265 2897 391
289 2843 338 2911 qui
362 2859 422 2897 sese
444 2842 536 2898 nescit
557 2848 580 2896 Δ
603 2859 671 2899 corr.
691 2842 813 2913 Scaliqer
837 2845 840 2910 Ι
866 2845 942 2897 totus
966 2844 999 2898 σι’.
1024 2844 1134 2899 Richter
1147 2843 1155 2912 ll

144 2920 196 2969 892
210 2915 312 2970 iterum
332 2917 375 2969 est
389 2915 445 2969 Leo
462 2916 465 2983 Ι
481 2919 592 2968 nuncd
610 2931 678 2970 corr.
696 2915 807 2970 Richter
822 2914 826 2984 Ι
843 2914 919 2968 adsit
932 2925 960 2980 ψ
979 2915 1016 2981 cf.
1027 2915 1086 2984 prs.
1102 2916 1117 2970 l.
1131 2931 1154 2967 a.

143 2986 211 3040 ades
228 2988 310 3042 Grote
323 2988 333 3056 ΙΙ
347 2990 398 3038 393
413 3002 523 3055 premas
538 2987 594 3041 Leo
608 2989 617 3055 lt
631 2991 683 3038 395
703 3000 818 3055 generes
832 2985 950 3054 Bentley
965 2984 1032 3056 lats
1050 2988 1155 3040 terret

143 3074 211 3111 corr.
227 3058 314 3113 Bothe
333 3056 424 3126 (terris
438 3058 479 3112 cet
492 3058 594 3126 terrae)
608 3059 617 3126 ΙΙ
631 3062 683 3109 407
703 3058 799 3110 secuta
813 3057 845 3110 ei.
861 3056 957 3110 Brtcte
968 3073 1006 3123 er,
1026 3059 1155 3127 concepta

143 3127 296 3195 Baehrens,
320 3131 451 3198 suscepta
470 3129 582 3197 Peiper,
601 3129 717 3197 experta
740 3129 796 3182 Leo
821 3128 830 3196 ΙΙ
857 3131 907 3180 410
925 3142 1029 3197 graues
1048 3132 1071 3181 Δ
1094 3145 1154 3183 corr.

145 3199 256 3253 Gronov
318 3204 368 3252 412
386 3205 450 3268 post
473 3201 549 3253 crate
574 3215 607 3252 ec
631 3199 770 3268 superiore
795 3215 875 3253 versu
901 3197 974 3263 falso
1002 3207 1156 3269 reperatur

142 3270 225 3323 aerbo
250 3284 283 3323 ve
322 3270 431 3324 calamo
458 3270 514 3324 levi
539 3269 645 3339 (addito
673 3272 723 3323 aut
746 3270 777 3323 ia
799 3270 940 3338 plerisque
962 3277 1029 3324 aute
1051 3270 1156 3339 levi)s

143 3339 337 3408 supplementa
356 3347 552 3410 proponuntur
576 3342 660 3400 talia:
683 3341 709 3394 d.
733 3358 757 3393 v.
778 3343 868 3407 crate,
895 3356 1041 3394 cervorum
1064 3356 1155 3410 greges

143 3411 181 3465 N.
197 3410 332 3467 Heinsius
346 3430 375 3481 p.
392 3416 447 3467 506
465 3418 490 3467 et
508 3417 573 3480 589,
592 3412 618 3465 d.
633 3429 657 3465 v.
676 3414 752 3465 crate
772 3410 815 3465 vel
834 3410 927 3480 posito
945 3427 1036 3481 vagas
1055 3412 1156 3481 Perper,

143 3482 361 3608 &ulturbidos
384 3483 452 3538 forti
475 3499 557 3538 canes
581 3484 638 3538 Leo
661 3485 682 3537 I
701 3485 823 3551 4611414
843 3481 960 3536 uulnera
983 3488 1008 3536 Δ
1032 3501 1100 3540 corr.
1121 3483 1155 3537 ed.

172 3555 361 3608 asi.a.1541
