2394 3990
364 233 554 288 flnacvnns
573 233 763 306 [OETAEVS]
1004 236 1070 302 335

53 382 165 442 tamen
188 401 246 461 per
267 379 353 461 ipsas
374 379 480 464 fulget
502 400 670 443 aerumnas
694 379 789 443 decor

53 466 202 549 nihilque
226 467 265 531 ab
290 467 346 530 illa
370 489 461 532 casus
485 470 518 530 et
539 467 643 531 fatum
666 489 762 552 grave

53 555 119 619 nisi
141 577 242 641 regna
263 556 371 619 traxit.
416 554 470 619 hic
492 578 600 619 meum
623 559 735 638 peetus
758 557 865 641 timor,

55 643 168 727 altrix,
190 644 332 727 lacessit,
354 643 408 708 hic
430 645 516 727 rapit
540 666 669 709 somnos
692 666 801 728 pavor.

55 733 221 816 praeclara
243 733 322 796 totis
345 733 495 818 gentibus
519 733 659 796 coniunx
682 755 768 798 eram

55 821 282 904 thalamosque
304 824 432 885 nostros
455 820 565 885 invido
587 825 665 884 voto
688 844 788 885 nurus

56 909 192 992 optabat
215 909 333 992 omnis,
356 931 477 992 quaeve
500 931 590 974 mens
614 910 787 993 quiequam
811 911 887 975 deos

56 997 171 1062 orabat
193 999 290 1063 ullos:
312 999 447 1062 nuribus
466 996 628 1083 Argolicis
650 999 699 1062 fui

56 1108 208 1150 mensura
229 1087 307 1150 voti.
353 1109 449 1171 quem
472 1084 543 1150 Iovi
566 1107 712 1151 socerum
735 1110 859 1170 parem,

55 1175 167 1258 altrix,
189 1175 337 1239 habebo?
361 1176 433 1258 q'uis
457 1176 516 1239 sub
539 1174 603 1240 hoc
625 1177 744 1240 mundo
767 1176 849 1240 mihi

56 1264 187 1328 dabitur
209 1264 365 1329 maritus?
388 1265 470 1346 ipse,
493 1265 549 1346 qui
566 1262 699 1329 Alcidae
722 1266 872 1348 imperat,

55 1352 182 1416 facibus
205 1353 272 1417 suis
295 1375 347 1416 me
369 1353 483 1436 iungat
505 1351 706 1436 Eurystheus
728 1354 817 1437 licet,

55 1441 164 1505 minus
188 1443 250 1523 est3
272 1441 352 1506 toris
376 1441 514 1505 caruisse
536 1442 701 1527 regnantis
723 1443 794 1506 leve
817 1446 878 1507 est:

56 1531 121 1594 alte
145 1529 202 1594 illa
224 1529 339 1594 cecidit
361 1551 444 1612 quae
466 1530 536 1594 viro
559 1533 646 1594 caret
668 1529 816 1595 Hercule.

55 1634 138 1684 Nv‘r.
161 1616 322 1683 Conciliat
344 1619 468 1682 animos
492 1619 667 1704 coniugum
690 1622 801 1702 partus
824 1619 898 1684 fere.

56 1724 127 1770 DEI.
151 1706 214 1771 Hic
237 1706 306 1790 ipse
328 1708 438 1771 forsan
461 1707 582 1771 dividet
603 1711 715 1791 partus
738 1712 835 1772 toros.

56 1813 137 1859 NVT.
161 1793 296 1859 Famula
318 1796 375 1860 illa
397 1795 536 1860 trahitur
558 1797 687 1860 interim
711 1797 831 1860 donum
854 1797 923 1860 tibi.

57 1901 129 1947 nm.
152 1883 216 1948 Hic
239 1905 335 1966 quem
358 1906 416 1968 per
437 1885 532 1948 urbes
556 1885 602 1949 ire
624 1886 823 1968 praeclarum
846 1885 934 1949 vides
1017 1901 1070 1948 410

57 1976 90 2037 et
112 1972 203 2036 fulva
225 1975 317 2058 tergo
341 1973 444 2056 spolia
468 1975 647 2058 gestantem
670 1973 769 2056 ferae,

57 2063 114 2144 qui
137 2083 238 2146 regna
260 2062 385 2126 miseris
409 2061 507 2125 donat
530 2063 679 2127 eteelsis
701 2063 800 2145 rapit,

56 2154 149 2214 vasta
172 2154 322 2234 gravatus
344 2150 508 2214 horridam
532 2152 622 2215 olava
644 2173 789 2234 manum,

56 2240 148 2303 cuius
172 2239 354 2322 triumphos
378 2239 485 2303 ultimi
509 2236 600 2304 Seres
624 2243 743 2304 canunt

57 2332 90 2390 et
113 2327 260 2410 quisquis
284 2328 366 2391 alius
390 2327 467 2392 orbe
489 2329 669 2410 †coneept0
693 2329 789 2410 iacet,

57 2417 140 2479 levis
165 2420 213 2479 est
235 2437 295 2480 nec
317 2417 410 2480 illum
435 2416 556 2501 gloriae
579 2418 725 2480 stimulat
747 2417 855 2500 decor,

57 2508 143 2568 errat
165 2526 223 2587 per
245 2505 370 2588 orbem,
392 2527 458 2569 non
480 2509 518 2569 ut
541 2509 696 2587 aequetur
717 2502 787 2568 Iovi

55 2614 117 2657 nec
140 2596 177 2656 ut
198 2615 257 2676 per
278 2595 374 2658 urbes
397 2615 534 2678 magnus
552 2592 722 2678 Argolicas
745 2597 808 2656 eat:

57 2681 145 2764 quod
168 2685 254 2745 amet
275 2683 423 2766 requirit,
445 2683 607 2767 virginum
630 2682 789 2746 thalamos
812 2681 902 2764 petit.

58 2771 87 2834 si
111 2791 176 2852 qua
199 2773 248 2834 est
268 2775 399 2856 negata,
421 2772 558 2854 rapitur3
582 2771 617 2835 in
639 2772 778 2854 populos
801 2770 894 2852 furit,
1019 2785 1071 2833 420

56 2862 177 2942 nuptas
199 2859 301 2924 ruinis
324 2861 449 2942 quaerit
472 2863 505 2923 et
526 2860 642 2923 vitium
666 2861 827 2942 impotens

130 3020 182 3068 aas
201 3015 268 3070 hino
283 3020 304 3067 a
317 3019 327 3086 ιι
341 3021 393 3070 aaa
411 3015 478 3070 hino
491 3020 514 3068 Δ
527 3018 536 3085 ῃ
550 3020 601 3070 aaa
621 3015 676 3069 inv.
691 3015 877 3085 satornana
896 3013 1049 3067 obtabas
1066 3013 1070 3085 l

56 3099 132 3154 quac
150 3086 234 3140 nimis
253 3087 380 3154 quisquis
400 3086 466 3140 deos
485 3089 597 3156 411400
615 3087 671 3141 fuit
684 3092 706 3138 B
720 3089 729 3156 ΙΙ
742 3091 792 3139 401
810 3104 846 3138 m.
862 3103 886 3138 ν.
901 3085 970 3157 Iuno
989 3101 1073 3153 quem

56 3175 76 3212 s.
88 3176 117 3227 p,
129 3163 151 3210 E
165 3158 175 3227 ll
188 3162 241 3211 402
256 3158 305 3225 qui
318 3164 340 3210 Ε
353 3159 363 3226 ΙΙ
376 3163 428 3212 401
443 3161 519 3213 toros
533 3158 667 3212 memisse
681 3163 704 3209 Δ
720 3159 724 3225 l
739 3158 875 3226 regnante
889 3162 911 3209 Ε
925 3157 934 3224 ΙΙ
948 3161 1000 3210 406
1015 3155 1072 3210 alte

54 3229 116 3283 iam
135 3244 191 3283 eec.
211 3234 232 3280 11
257 3231 267 3299 ll
290 3234 433 3282 407-409
451 3246 501 3284 ora.
517 3234 538 3280 11
557 3230 599 3298 (ia
616 3247 668 3300 my.
684 3227 779 3282 deficit
797 3227 844 3281 hio
860 3228 982 3282 multum
1000 3227 1045 3296 κ’)
1063 3229 1072 3296 [Ι

55 3305 110 3353 408
126 3299 167 3353 sic
181 3299 242 3369 ipse
256 3317 284 3354 ω
303 3317 372 3356 corr.
386 3301 425 3355 N.
436 3300 572 3355 Heinsius
581 3318 610 3368 p.
622 3304 675 3353 444
688 3302 698 3369 ss
710 3304 760 3353 410
778 3299 853 3352 hunc
866 3310 894 3365 ψ
905 3299 972 3366 (Vd.
983 3298 1070 3370 Ay.){

54 3370 216 3441 perclarum
229 3371 339 3440 1111411
357 3373 386 3425 et
403 3370 472 3424 uiua
490 3389 518 3426 ω
537 3387 605 3426 corr.
620 3371 657 3425 N.
672 3371 808 3425 Heinsius
821 3387 848 3439 p.
863 3372 1003 3439 44311412
1022 3385 1073 3423 ceu

54 3446 197 3569 regnassent}
208 3443 527 3570 moneam&
545 3444 725 3568 conscptqerp
747 3443 913 3568 qqnsqqmqtto
935 3441 1073 3580 qqagirqss

53 3528 215 3656 10)thth
233 3529 453 3653 capiturcoqrposr
492 3590 500 3611 ὓ
524 3530 598 3584 caper
616 3529 668 3566 con
698 3530 746 3583 rnp
778 3531 792 3566 r
838 3529 864 3568 ac
894 3529 922 3566 cr
