2394 3990
518 657 570 737 Α.

319 902 507 969 OEDIPVS
544 901 772 969 ANTIGONA

104 1028 200 1094 Caeci
222 1029 366 1113 parentis
389 1029 534 1115 regimen
557 1031 589 1093 et
611 1029 689 1092 fessi
712 1030 842 1095 unicum

39 1120 147 1183 lateris
169 1119 330 1200 levamen,
353 1122 464 1204 gnata,
488 1140 585 1202 quam
608 1118 692 1183 tanti
716 1122 765 1182 est
787 1118 868 1183 mihi

45 1209 187 1294 genuisse
209 1207 262 1273 vel
287 1208 346 1291 sic,
373 1207 482 1273 desere
505 1207 683 1271 infaustum
706 1211 838 1291 patrem.

46 1297 182 1362 inrecta
205 1296 284 1380 qnid
307 1296 449 1361 deflectis
474 1299 633 1360 errantem
657 1296 815 1381 gradum?

48 1388 190 1470 permitte
211 1385 293 1470 labi3
315 1384 430 1450 melius
453 1386 615 1450 inveniam
637 1385 737 1470 viam,
1036 1404 1052 1452 5

50 1497 136 1559 quam
159 1496 277 1558 quaero
301 1473 402 1557 solus,
425 1496 507 1558 quae
529 1496 581 1538 me
604 1473 643 1537 ab
667 1474 728 1538 hac
750 1475 818 1539 vita
841 1476 988 1540 extrahat

51 1568 79 1627 et
97 1564 157 1629 hoc
178 1563 309 1628 nefandi
331 1563 445 1647 capitis
468 1567 600 1647 aspectu
622 1563 708 1626 levet

54 1652 163 1716 caelum
187 1656 283 1736 atque
306 1655 416 1717 terras.
463 1651 654 1735 quantulum
677 1651 738 1716 hac
762 1654 814 1738 egi
837 1654 955 1718 manu?

10 1780 13 1789 ·
55 1763 110 1805 non
129 1742 222 1805 video
245 1762 347 1805 noxae
370 1740 532 1805 conscium
556 1745 687 1805 nostrae
710 1741 807 1825 diem,

10 1844 13 1885 ἱ
59 1831 104 1893 sed
123 1830 241 1895 videor.
285 1829 362 1894 hinc
385 1829 449 1893 iam
473 1831 562 1894 solve
585 1829 803 1894 inhaerentem
827 1853 957 1896 manum
1022 1851 1054 1898 10

10 1914 12 1963 ἶ
58 1922 84 1982 et
102 1924 206 2003 patere
231 1939 361 1984 caecum
385 1940 449 2002 qua
471 1918 558 1983 volet
580 1919 659 1982 ferri
681 1918 803 2002 pedem.

10 2000 12 2013 '
58 2007 113 2090 ibo,
135 2009 188 2073 ibo
213 2030 277 2091 qua
298 2011 472 2092 praerupta
493 2007 659 2092 protendit
682 2008 758 2093 iuga

58 2118 134 2160 neus
156 2095 345 2182 Cithaeron,
369 2119 432 2180 qua
454 2101 625 2183 peragrato
649 2097 732 2161 celer

56 2206 102 2267 per
122 2207 198 2250 saxa
221 2189 330 2251 monte
354 2184 454 2251 iacuit
472 2183 618 2251 Actaeon
641 2187 708 2250 suis

56 2295 126 2338 nova
147 2274 265 2358 praeda
288 2274 434 2360 canibus,
458 2297 522 2358 qua
544 2297 603 2359 per
626 2275 799 2340 obscurum
822 2298 935 2340 nemus
1023 2295 1054 2342 15

56 2362 222 2448 silvamque
246 2385 363 2448 opacae
386 2363 479 2427 vallis
502 2363 671 2428 instinctas
695 2364 753 2428 deo

54 2453 110 2538 egit
131 2474 257 2517 sorores
280 2455 383 2518 mater
405 2456 437 2516 et
461 2453 602 2538 gaudens
626 2453 712 2517 malo

52 2541 190 2608 vibrante
211 2542 313 2606 fixum
336 2541 490 2626 praetulit
512 2541 625 2625 thyrso
650 2546 759 2627 caput3

52 2630 94 2694 vel
116 2650 182 2714 qna
204 2631 358 2714 cucurrit,
380 2651 497 2715 corpus
520 2630 651 2695 inlisum
675 2633 818 2715 trahens,

50 2717 134 2784 Zethi
158 2721 326 2803 iuvencus,
350 2741 414 2804 qua
435 2742 492 2803 per
515 2719 683 2784 horrentes
708 2721 806 2786 rubos
1021 2738 1057 2787 20

50 2809 127 2875 taum
148 2809 268 2873 ferocis
291 2809 422 2894 sanguis
446 2812 587 2873 ostentat
609 2810 716 2895 fugas;

50 2897 95 2963 val
115 2920 181 2983 qua
204 2898 271 2963 alta
292 2899 395 2962 maria
416 2899 535 2962 vertice
558 2899 706 2962 inmenso
728 2900 848 2982 premit

111 3060 317 3110 monumsAnE
345 3073 457 3108 rannus
477 3061 499 3108 A

111 3215 249 3253 Aramaua
263 3202 287 3250 A
299 3200 309 3268 ΙΙ
322 3203 336 3250 1
355 3213 388 3252 ac
401 3197 469 3252 fessi
483 3203 505 3250 A
518 3200 528 3267 ΙΙ
542 3204 559 3251 2
573 3199 662 3267 patris
677 3199 804 3253 levamen
819 3217 847 3254 ω
861 3217 928 3255 corn
947 3200 1058 3256 Gronov

48 3269 150 3338 pariter
162 3270 266 3338 Pciper
278 3270 288 3338 ΙΙ
302 3274 319 3322 6
337 3285 442 3336 eumq.
457 3287 479 3323 s.
494 3270 610 3340 Bentley
624 3273 633 3339 ΙΙ
647 3275 662 3322 8
682 3270 752 3324 haec
766 3277 787 3323 E
801 3273 810 3341 ΙΙ
824 3276 853 3324 13
871 3275 1022 3342 peragrata
1036 3278 1058 3325 A

48 3340 79 3395 -ti
91 3359 111 3397 τ
124 3343 134 3412 ΙΙ
148 3345 181 3394 14
194 3340 300 3395 montis
314 3345 338 3393 A
351 3342 360 3409 ΙΙ
373 3345 404 3394 16
419 3340 554 3395 instincta
569 3341 621 3394 deo
635 3347 657 3394 Ε
673 3341 737 3396 inst.
754 3359 771 3395 a
785 3344 837 3397 deo
852 3346 884 3396 cs'.
900 3344 943 3396 M.
954 3345 1059 3398 Malles·

45 3428 69 3479 p.
84 3417 122 3468 19
133 3415 144 3482 t
157 3416 189 3465 18
207 3414 286 3480 tryso
299 3417 322 3463 B
340 3411 437 3479 thyrso
451 3411 587 3480 praetulit
601 3412 686 3465 fixum
700 3418 722 3465 A
736 3415 745 3482 ΙΙ
759 3419 790 3466 19
808 3414 929 3467 invisum
943 3432 971 3469 ω
990 3431 1057 3469 corr.

46 3483 99 3539 Leo
117 3486 127 3554 u
144 3488 181 3537 80
198 3482 268 3538 Ethi
285 3490 308 3536 B
324 3484 328 3553 Ι
344 3482 476 3537 iuuentus
496 3486 540 3552 At!
555 3489 586 3536 21
605 3485 728 3539 ostendit
747 3486 803 3540 Leo
821 3487 830 3554 ΙΙ
849 3492 884 3538 22
903 3485 1018 3540 uictrice
1037 3491 1058 3537 E

1043 3604 1132 3680 Ι
