2376 3984
82 171 152 236 296
409 171 438 223 L.
454 169 596 224 ANNAEI
614 169 778 225 SENECAE

84 333 188 380 nnus.
211 314 333 380 Evince
352 315 506 399 quicquid
525 316 633 381 obstat
651 319 684 380 et
701 318 849 389 mentem*
860 315 1005 402 impedit
1056 335 1107 384 440

82 406 298 487 reducemque
321 407 441 486 quanta
464 404 607 488 praemia
629 408 798 488 expectent
819 405 902 470 vide.

83 497 186 577 pater,
209 496 301 576 potes
324 514 466 577 regnare.
513 510 594 558 sur.
618 491 698 557 Oum
721 493 843 578 possim
859 495 964 560 mori.

85 599 188 645 snus.
217 579 349 645 Summa
376 585 426 646 est
452 585 596 665 potestas
622 619 660 628 -
687 599 766 650 ΤΗΥ.
792 580 907 648 Nulla:
935 584 966 648 si
996 585 1102 669 cupias

85 775 187 822 TANT.
213 755 326 822 Gnatis
344 759 514 843 relinques.
556 776 636 823 THY.
658 756 736 823 Non
754 760 840 844 capit
857 782 998 846 regnum
1016 763 1099 828 dnos.

86 863 189 910 snus.
212 845 311 911 Miser
333 869 402 911 esse
423 848 548 911 mavult
571 869 639 912 esse
662 847 719 931 qui
737 847 819 912 'felix
841 851 975 932 potest?
1050 867 1098 915 44⁶

84 952 164 999 sur.
187 934 270 999 Mihi
293 937 397 1019 crede,
418 936 508 1000 falsis
532 958 650 1022 magna
672 937 857 1003 nominibus
880 939 1021 1023 placent,

82 1023 205 1088 frustra
226 1024 382 1088 timentur
405 1025 491 1089 dura.
538 1025 614 1089 dum
638 1026 781 1090 excelsus
804 1027 895 1110 steti,

84 1134 261 1196 numquam
285 1134 401 1196 pavere
424 1113 533 1178 destiti
556 1118 653 1198 atque
675 1114 782 1197 ipsum
804 1114 869 1181 mei
1035 1194 1038 1199 y

84 1202 205 1266 ferrum
228 1203 342 1266 timere
364 1202 482 1267 lateris.
529 1223 548 1266 ο
572 1205 730 1285 quantum
752 1202 875 1268 bonum
898 1209 949 1273 est

85 1290 214 1355 obstare
237 1290 332 1373 nulli,
355 1311 468 1375 capere
492 1311 618 1357 securas
642 1290 739 1374 dapes
1047 1307 1089 1356 lto

83 1377 177 1442 humi
199 1378 369 1443 iacentem!
393 1380 512 1444 scelera
534 1401 601 1443 non
623 1381 746 1444 intrant
769 1400 872 1461 casas,

83 1471 239 1550 tutusque
261 1489 372 1532 mensa
395 1469 522 1551 capitur
543 1471 680 1554 angnrsta
704 1467 808 1552 cibus3

86 1577 245 1619 venenum
269 1557 303 1619 in
326 1577 404 1619 auro
427 1556 551 1620 bibitur
571 1594 609 1602 —
630 1560 782 1641 expertus
804 1557 935 1637 loquor:

85 1645 204 1708 malam
228 1644 331 1708 bonae
354 1645 514 1728 praeferre
536 1645 701 1709 fortunam
724 1645 808 1709 licet.

84 1753 152 1795 non
174 1734 291 1796 vertice
314 1732 372 1795 alti
394 1733 515 1796 montis
537 1732 724 1815 impositam
747 1733 879 1796 domum
1041 1744 1080 1794 est

82 1823 119 1884 et
141 1820 334 1884 eminentem
357 1820 470 1885 civitas
493 1821 626 1885 humilis
648 1822 759 1885 tremit

84 1929 145 1972 neo
167 1909 272 1994 fulget
294 1909 368 1973 altis
391 1909 594 1992 splendidum
617 1910 712 1974 tectis
735 1909 814 1973 ebur

85 2018 280 2081 somnosque
303 2019 369 2062 non
392 1998 534 2062 defendit
556 1998 725 2063 excubitor
745 2019 849 2080 meos3

85 2107 153 2149 non
176 2086 330 2151 classibus
349 2088 516 2170 piscamur
538 2091 570 2150 et
593 2090 679 2151 retro
702 2109 789 2150 mare

85 2175 170 2237 iacta
192 2174 342 2260 fugamus
366 2176 451 2240 mole
473 2196 532 2239 neo
555 2178 699 2240 ventrem
722 2174 908 2258 improbum
1041 2184 1079 2235 46⁰

85 2262 202 2326 alimus
225 2264 348 2328 tributo
371 2264 530 2349 gentium,
553 2264 662 2328 nuHus
685 2263 766 2327 mihi

85 2352 172 2416 ultra
196 2350 293 2417 Getas
316 2357 456 2416 metatur
478 2357 510 2416 et
532 2351 671 2417 Parthos
694 2371 806 2438 ager3'

85 2462 153 2504 non
175 2443 247 2506 ture
270 2442 406 2505 colimur
428 2462 487 2506 neo
509 2463 599 2506 meae
622 2441 751 2505 excluso
775 2439 853 2505 love

87 2534 243 2594 ornantur
265 2551 350 2614 arae3
373 2530 463 2594 nulla
485 2529 680 2594 culminibus
703 2532 784 2594 meis

86 2621 239 2703 imposita
261 2622 355 2682 nutat
378 2619 459 2682 silva
481 2638 541 2682 nec
562 2619 689 2683 fumant
711 2640 809 2682 manu
1042 2623 1082 2677 465
1142 2656 1144 2701 ;

87 2729 239 2773 succensa
261 2708 363 2770 multe
386 2711 501 2793 stagna
523 2728 582 2771 nec
605 2729 719 2772 somno
743 2708 809 2771 dies

86 2797 279 2879 Bacchoque
302 2817 367 2859 nox
390 2796 552 2880 iungenda
574 2796 725 2882 pervigili
748 2797 854 2860 datur:

88 2885 143 2950 sed
165 2907 232 2950 non
254 2885 414 2968 timemur,
437 2888 508 2949 tuta
532 2885 599 2948 sine
621 2886 687 2949 telo
711 2888 760 2948 est
782 2886 898 2949 domus

85 2974 246 3056 rebusque
269 2975 375 3056 parvis
399 2994 516 3059 magna
538 2977 720 3056 praestatur
742 2973 832 3055 quies
854 3009 893 3017 —

87 3063 228 3125 immane
250 3083 386 3147 regnum
410 3065 458 3126 est
480 3082 575 3144 posse
599 3063 667 3126 sine
689 3082 790 3147 regno
813 3061 891 3144 peti.
1048 3069 1092 3120 470

88 3167 191 3213 ΤΑΝΤ.
214 3147 283 3214 Nec
305 3151 524 3232 abnuendum,
547 3152 575 3214 si
598 3150 653 3215 dat
676 3150 848 3234 imperium
871 3149 964 3235 deus,

159 3309 212 3357 440
226 3303 314 3358 Vince
328 3308 385 3358 Ab)
403 3306 536 3375 peruince
550 3326 570 3362 τ
583 3311 593 3376 ss
606 3313 658 3362 44³
677 3313 763 3363 totum
777 3323 800 3360 o.
819 3307 951 3376 Ibyestue
964 3305 1099 3363 cordium

88 3377 127 3430 N.
142 3375 278 3430 Heinsius
292 3394 321 3445 p.
337 3381 373 3432 40
392 3380 527 3446 (potestas
542 3378 629 3445 nulla,
649 3378 682 3447 si)
697 3381 707 3448 ll
720 3383 773 3431 452
792 3379 926 3445 totusque
942 3382 965 3429 Ε
980 3378 1054 3446 “454
1070 3372 1101 3426 li·

86 3448 137 3502 bet
154 3448 192 3502 N.
209 3446 344 3502 Heinsius
357 3466 387 3517 p.
402 3453 439 3503 40
465 3452 474 3518 ΙΙ
501 3455 553 3503 457
581 3467 639 3503 non
656 3448 749 3518 fulget
770 3451 828 3501 Ast)
855 3451 865 3516 ΙΙ
892 3452 946 3502 460
973 3462 1031 3501 non
1051 3446 1102 3512 ΔΙ

85 3524 141 3573 eea
155 3518 271 3573 metitur
284 3523 306 3570 Δ
320 3522 394 3593 qis-1
409 3520 538 3574 ducenda
551 3524 574 3572 Α
588 3523 597 3589 ιι
610 3525 664 3574 seo
676 3538 698 3573 r.
709 3538 736 3589 p.
752 3519 812 3573 alta
824 3524 849 3574 A
861 3522 871 3588 ῃ
884 3522 935 3572 cu
948 3516 1014 3572 abu.
1028 3518 1102 3571 ests
