2394 3990
87 170 154 234 232
413 171 443 223 L.
458 169 599 223 ANNAEI
617 169 781 226 SENECAE

87 330 162 378 8188.
185 313 302 378 Forata
323 315 408 378 ferro
432 337 575 400 gesseras
598 315 748 401 vestigia,

86 407 213 467 tumore
235 407 349 467 nactus
371 425 490 467 nomen
513 424 550 467 ac
573 404 653 467 vitio
676 403 803 487 pedum.

87 508 168 556 our).
192 490 270 567 Quis
292 493 391 555 fuerit
414 493 468 555 ille
492 493 548 575 qui
571 514 678 555 meum
701 492 785 556 dono
810 493 898 556 dedit

87 600 204 663 corpus
226 580 363 664 requiro,

314 685 388 732 sau.
411 668 531 754 Regios
554 669 644 751 pavit
667 669 794 754 gregem
1045 686 1088 734 818

85 757 193 820 minor
216 757 275 820 sub
300 758 356 820 illo
379 757 475 820 turba
496 761 662 839 pastorum
685 757 755 820 fuit.

87 861 168 909 oar).
192 844 353 929 Eloquere
377 866 503 908 nomen.

452 950 526 997 888.
548 932 657 996 Prima
678 934 859 1018 languescit
882 957 996 1000 senum

85 1022 242 1085 memoria
263 1022 362 1107 longo
385 1022 470 1085 lassa
493 1022 665 1085 sublabens
689 1021 762 1085 situ.

88 1125 170 1174 oar).
192 1109 331 1174 Potesne
353 1110 435 1173 facie
457 1132 588 1174 noscere
611 1131 648 1173 ao
671 1111 763 1174 vultu
785 1110 912 1175 virum?

88 1215 162 1262 sau.
185 1197 333 1262 Fortasse
356 1219 500 1262 noscam:
524 1221 617 1282 saepe
640 1199 704 1262 iam
727 1199 832 1282 spatio
857 1199 1006 1265 obrutam
1050 1215 1098 1264 888

86 1287 167 1350 levis
191 1289 350 1350 exoletam
373 1288 561 1351 memoriam
583 1290 712 1350 revocat
734 1290 821 1351 nota.

88 1391 168 1438 ouo.
192 1373 245 1438 Ad
268 1397 357 1440 sacra
380 1379 412 1438 et
435 1397 505 1439 aras
529 1397 623 1439 omne
647 1376 849 1458 compulsum
873 1396 973 1460 pecus

88 1463 185 1528 duces
209 1468 395 1547 sequantur3
418 1465 476 1546 ite,
499 1485 634 1547 propere
657 1464 822 1547 accersite,

87 1552 214 1634 famuli,
237 1574 335 1635 penes
359 1574 439 1635 quos
462 1574 588 1616 summa
611 1552 759 1617 consistit
781 1573 924 1638 gregum.

88 1657 162 1704 8188.
187 1639 261 1703 Sive
283 1642 346 1703 ista
367 1641 450 1705 ratio
473 1641 541 1705 sive
563 1641 694 1705 fortuna
717 1642 848 1723 occulit,
1051 1656 1101 1706 888

87 1729 187 1792 latere
211 1750 336 1812 semper
357 1733 467 1812 patere
490 1729 576 1812 quod
598 1729 695 1793 latuit
717 1728 785 1792 diu:

88 1838 183 1900 saepe
207 1818 346 1881 eruentis
369 1818 487 1881 veritas
510 1818 615 1900 patuit
637 1819 732 1881 malo.

88 1922 169 1970 οΕΙ).
192 1904 315 1968 Malum
339 1906 446 1970 timeri
469 1906 572 1969 maius
594 1905 645 1969 his
669 1904 800 1988 aliquod
823 1906 954 1989 potest?

88 2009 163 2057 sau.
186 1992 341 2078 Magnum
365 2015 433 2058 esse
457 2016 575 2080 magna
597 1994 682 2057 mole
706 1993 793 2077 quod
815 1995 938 2077 petitur
961 1995 1053 2059 scias.

88 2082 251 2145 concurrit
274 2083 364 2147 illinc
387 2083 530 2166 publica,
553 2082 630 2146 hinc
651 2083 737 2168 regis
760 2085 860 2146 salus:
1052 2099 1103 2147 888

86 2171 250 2252 utrimque
273 2172 375 2254 paria3
399 2171 527 2236 contine
550 2170 670 2234 medias
694 2192 821 2254 manus,

87 2258 171 2322 nibil
193 2260 343 2342 lacessas,
367 2261 437 2342 ipsa
459 2281 492 2324 se
515 2260 583 2323 fata
606 2259 775 2342 explicent.

88 2363 169 2410 oar).
193 2345 270 2410 Non
293 2348 422 2431 expedit
445 2352 613 2413 concutere
635 2347 762 2412 felicem
786 2351 921 2412 statum:

86 2439 159 2498 tuto
183 2439 331 2498 movetur
355 2437 508 2520 quicquid
531 2440 673 2500 extremo
697 2436 731 2500 in
753 2437 824 2500 loco
849 2441 906 2500 est.

88 2539 162 2587 sun.
186 2522 337 2588 Nobilius
361 2525 484 2609 aliquid
507 2547 622 2611 genere
644 2525 745 2610 regali
768 2525 915 2608 appetis?
1054 2541 1104 2589 835

88 2634 129 2675 ne
153 2616 185 2675 te
208 2613 349 2694 parentis
372 2614 482 2698 pigeat
504 2614 627 2678 inventi
649 2614 730 2677 vide.

89 2716 169 2764 οΕΙ).
193 2699 255 2763 Vel
278 2702 462 2784 paenitendi
485 2702 650 2787 sanguinis
675 2723 824 2785 quaeram
848 2701 960 2785 fidem,

88 2790 116 2852 si
138 2810 233 2852 nosse
257 2794 379 2853 certum
403 2793 459 2854 est.
506 2811 578 2855 ecce
601 2791 799 2876 grandaevus
822 2811 935 2873 senex,

88 2877 221 2940 arbitria
244 2877 303 2942 sub
328 2900 392 2961 quo
415 2879 497 2963 regii
519 2879 647 2942 fuerant
669 2878 790 2964 gregis,

87 2963 242 3029 Phorbas.
287 2967 426 3031 refersne
448 2989 567 3031 nomen
590 2971 645 3031 aut
667 2967 793 3031 vultum
817 2966 926 3030 senis?
1055 2980 1106 3030 848

88 3068 162 3116 suu.
187 3051 322 3118 Adsidet
345 3057 452 3119 animo
475 3056 591 3141 forma3
615 3077 674 3119 nec
696 3059 792 3119 notus
816 3055 908 3138 satis,

87 3161 147 3204 nec
170 3163 279 3205 rursus
302 3142 363 3206 iste
386 3145 494 3208 vultus
518 3145 648 3230 ignotus
670 3143 759 3207 mihi.

161 3301 209 3348 818
229 3313 396 3366 cognoscere
414 3306 435 3352 Ε
456 3302 465 3369 ΙΙ
489 3305 541 3353 888
561 3302 715 3370 sequuntur
732 3305 754 3352 Ε
771 3299 775 3369 1
792 3299 911 3353 acersite
929 3304 951 3351 Ε
969 3300 979 3367 ΙΙ
998 3303 1051 3351 888
1070 3299 1105 3352 ti·

87 3381 164 3420 mere
182 3372 204 3419 Ε
218 3369 227 3435 ῃ
241 3372 294 3420 888
312 3370 436 3436 petitum
450 3377 471 3423 Ε
485 3374 495 3439 ΙΙ
509 3376 558 3424 881
575 3371 668 3440 patria
681 3375 704 3423 A
718 3372 727 3439 ss
741 3375 794 3423 888
812 3371 845 3423 ut
862 3368 952 3424 nichil
971 3384 1104 3432 arcessas,

88 3436 152 3506 ipsa
170 3439 199 3492 te
217 3438 236 3491 f.
257 3439 400 3508 explicant
417 3445 440 3493 A
461 3444 470 3511 ll
492 3447 544 3495 888
563 3443 622 3496 seui
640 3443 818 3496 8888888888
835 3444 858 3492 A
878 3444 888 3510 ΙΙ
911 3445 965 3493 884
984 3459 1046 3494 ono.
1061 3440 1106 3510 All

88 3512 141 3561 887
160 3524 212 3562 nec
230 3525 310 3579 poen.
325 3515 348 3563 A
362 3513 371 3581 ΙΙ
385 3517 436 3564 888
457 3513 506 3565 sed
524 3517 547 3565 A
566 3512 606 3566 sic
623 3513 681 3567 Leo
