2394 3990
464 195 649 288 rnrnsrus

206 385 239 446 et
261 383 355 445 vacat
376 400 498 444 mersos
520 401 687 444 numerare
709 380 813 462 pisces

205 470 260 534 hic
282 469 339 533 ubi
361 466 486 554 ingenti
508 468 605 531 modo
628 467 688 533 sub
711 469 853 552 procella

206 555 359 642 Cyclades
382 560 519 641 pontum
542 556 678 620 timuere
701 560 816 622 motae.
1009 573 1061 624 666

259 733 359 800 Nulla
378 755 446 798 sors
464 733 564 818 longa
582 737 642 797 est:
661 732 754 798 dolor
772 755 809 799 66
827 736 977 820 voluptas

206 825 343 888 invicem
367 823 497 906 cedunt,
521 822 648 886 brevior
670 823 829 907 voluptas.
958 877 960 882 .
1033 866 1035 868 ψ

206 914 271 976 ima
293 915 456 995 permutat
477 912 558 975 levis
580 910 660 975 hora
683 913 831 975 summis:

205 1001 260 1065 1116
284 1001 340 1084 qui
363 999 461 1064 donat
483 1000 629 1064 diadema
650 1001 765 1082 fronti,

207 1110 302 1174 quem
326 1111 411 1175 genu
433 1090 527 1152 nixae
545 1093 704 1154 tremuere
727 1093 848 1175 gentes,
1009 1106 1061 1154 666

207 1179 297 1242 66166
320 1177 499 1242 adnutum
522 1199 657 1262 posuere
680 1177 765 1242 bella

205 1266 318 1331 Medus
341 1270 374 1331 61
395 1264 521 1330 Phoebi
542 1267 703 1349 propioris
726 1264 825 1331 Indus

206 1360 238 1420 ct
260 1354 371 1420 Dahae
394 1354 530 1419 Parthis.
546 1357 687 1438 equitem
711 1357 838 1438 minati,

206 1446 320 1508 anxius
344 1448 505 1527 sceptrum
528 1447 617 1509 tenet
639 1446 672 1509 et
695 1449 860 1510 moventes

206 1536 322 1598 cuncta
344 1534 467 1597 divinat
489 1534 669 1617 metuitque
692 1553 783 1598 66666
1012 1549 1062 1599 666

206 1622 342 1685 mobiles
364 1642 472 1685 rerum
496 1622 694 1705 dubiumque
716 1626 853 1707 tempus.

260 1708 328 1773 Vos
352 1710 469 1792 quibus
491 1714 597 1774 rector
619 1711 717 1774 maris
740 1714 837 1793 atque
859 1714 962 1775 terrae

207 1799 257 1863 ius
282 1798 369 1862 dedit
391 1820 545 1884 magnum
568 1795 655 1862 n'ecis
679 1803 776 1882 atque
798 1800 897 1880 61166,

192 1888 317 1971 'ponite
340 1887 469 1951 inflatos
491 1887 698 1971 tumidosque
720 1887 843 1951 vultus:

207 1975 360 2059 quicquid
382 1998 402 2040 6
424 1976 517 2040 vobis
539 1977 646 2040 minor
668 1976 865 2059 expavescit,
1012 1992 1064 2041 610

207 2065 310 2129 maior
331 2066 394 2128 hoc
416 2065 509 2128 vobis
533 2065 682 2129 dominus
705 2066 859 2149 minatum

207 2175 301 2217 omne
324 2154 384 2218 sub
405 2175 508 2238 regno
531 2155 678 2239 graviore
699 2175 835 2240 regnum
859 2157 915 2219 est.

207 2262 302 2324 quem
326 2241 393 2307 dies
416 2243 498 2307 vidit
519 2244 649 2307 veniens
673 2244 860 2326 superbum,

207 2329 294 2394 hunc
317 2330 383 2395 dies
406 2331 488 2394 vidit
509 2332 637 2417 fugiens
660 2333 826 2396 iacentem.

260 2417 370 2484 Nemo*
390 2421 531 2485 confidat
552 2422 689 2484 nimium
712 2421 873 2503 secundis,
1012 2436 1063 2484 615

207 2528 303 2572 nemo
326 2508 472 2591 desperet
494 2510 628 2574 meliora
650 2510 756 2574 lassis:

207 2597 321 2661 miscet
343 2598 423 2661 haec
444 2598 510 2662 illis
533 2598 748 2681 prohibetque
772 2595 889 2662 Clotho

207 2688 292 2749 stare
313 2683 504 2769 Fortunam,
528 2689 615 2751 rotat
638 2707 733 2750 omne
755 2688 867 2751 fatum.

101 2804 105 2810 ·
207 2795 303 2838 nemo
326 2778 393 2839 tam
417 2776 507 2841 divos
530 2774 645 2840 habuit
666 2776 824 2857 faventes,

208 2863 383 2928 crastinum
406 2868 443 2928 ut
465 2869 575 2947 posset
598 2865 660 2928 sibi
681 2865 841 2949 polliceri:
1012 2880 1064 2928 ono

207 2972 257 3015 res
282 2951 359 3016 (1666
381 2956 508 3017 nostras
531 2954 627 3017 celeri
650 2955 764 3018 citatas

368 3041 498 3106 turbine
522 3046 636 3107 versat.

58 3311 61 3315 Α
119 3249 381 3311 667166616666
402 3253 536 3322 tomam.
557 3253 621 3306 add.
641 3253 677 3306 ΕΙ
704 3255 713 3322 11
740 3257 792 3306 606
812 3253 897 3308 dachi
914 3255 956 3310 661
974 3253 1063 3309 dache

55 3320 393 3459 pacissghfflfflzcuncte
403 3322 516 3376 divitias
525 3328 549 3376 Δ
562 3327 571 3394 ΙΙ
585 3328 634 3377 610
648 3323 838 3378 extimescitA
851 3327 861 3394 ΙΙ
875 3330 923 3378 616
937 3325 1025 3394 lapsis
1035 3337 1063 3391 ψ
