2394 3990
88 218 151 282 rea
407 170 776 270 nnnmursuuumu

86 364 163 447 quid
186 368 218 427 te
242 365 312 446 ipse
334 364 476 427 lacerans
501 363 644 426 omnium
668 361 838 444 adspectus
860 361 971 447 fugis?

85 476 174 517 mens
198 453 382 536 inpudicam
405 453 523 534 facere,
546 474 612 515 non
635 473 727 516 casus
752 452 841 514 solet.

507 627 680 693 OHORVS

312 737 410 824 Fugit
433 738 563 801 insanae
587 737 702 800 similis
724 737 897 819 procellae,

246 827 334 890 ocior
356 826 457 890 nubes
481 827 679 913 glomerante
703 822 800 907 Coro,

245 917 333 980 ocior
356 938 485 980 cursum
507 916 651 998 rapiente
674 914 817 995 flamma,

246 1008 338 1069 stella
361 1027 434 1069 cum
458 1005 563 1068 ventis
587 1004 709 1090 agitata
730 1005 847 1088 longos

311 1095 449 1179 porrigit
471 1094 570 1179 ignes.

246 1180 397 1247 Conferat
419 1187 528 1247 tecum
551 1183 648 1247 decus
672 1203 766 1245 omne
789 1182 933 1265 priscum

244 1273 331 1335 fama
353 1271 499 1335 miratrix
523 1271 657 1334 senioris
680 1271 763 1334 aevi:

244 1361 411 1444 pulchrior
432 1363 523 1424 tanto
546 1364 602 1423 tua
624 1361 728 1423 forma
748 1360 851 1440 lucet,

246 1451 361 1514 clarior
384 1452 504 1532 quanto
528 1449 626 1513 micat
649 1449 725 1513 orbe
749 1449 844 1532 pleno

247 1561 321 1603 cum
345 1561 420 1602 suos
443 1539 534 1624 ignes
559 1541 693 1602 coeunte
717 1559 816 1602 cornu

246 1628 353 1691 iunxit
375 1631 407 1691 et
430 1649 524 1691 curru
547 1630 739 1710 properante
763 1648 886 1710 pernox

246 1718 347 1780 exerit
369 1717 478 1781 vultus
500 1716 679 1779 rubicunde
700 1714 830 1778 Phoebe

246 1828 306 1870 nec
328 1809 438 1869 tenent
462 1807 572 1869 stellae
595 1805 711 1868 faciem
734 1806 888 1888 minores,

245 1895 319 1959 talis
344 1898 404 1977 est,
427 1895 547 1978 primas
570 1895 710 1958 referens
733 1894 895 1975 tenebrae,

245 1984 378 2047 nuntius
401 1984 520 2064 noetis,
542 1984 638 2046 modo
662 1985 748 2047 lotus
772 1984 866 2046 undis

246 2072 422 2156 Hesperus,
446 2073 547 2155 pulsis
571 2073 687 2135 iterum
709 2073 851 2136 tenebris

312 2161 442 2226 Lucifer
465 2161 558 2224 idem.

249 2285 293 2349 Et
315 2290 365 2368 tu,
388 2285 569 2370 thyrsigera
590 2277 688 2348 Liber
710 2285 750 2348 ab
773 2282 878 2368 ludia,

246 2376 375 2438 intonsa
397 2374 521 2438 iuvenis
544 2379 735 2457 perpetuum
758 2395 864 2456 coma,

245 2465 345 2549 tigres
368 2464 539 2546 pampinea
562 2464 866 2546 cuspideterritans

247 2573 284 2616 ac
306 2552 401 2617 mitra
425 2552 579 2616 cohibens
604 2553 806 2638 cornigerum
830 2559 942 2636 caput,

246 2664 312 2705 non
334 2642 443 2706 vinces
466 2642 586 2726 rigidas
610 2640 783 2725 Hippolyti
806 2664 924 2706 comas.

247 2754 287 2794 ne
310 2731 419 2794 vultus
442 2731 578 2794 nimium
603 2731 759 2813 suspicias
782 2735 871 2795 tuos:

247 2820 351 2882 omnis
375 2842 432 2902 per
454 2820 592 2903 populos
615 2820 726 2883 fabula
749 2820 888 2902 distulit,

246 2908 408 2972 Phaedrae
427 2931 522 2992 quem
540 2909 673 2972 Bromio
692 2910 880 2992 praetulerit
898 2932 997 2974 soror.

299 3048 427 3135 Anceps
450 3051 554 3115 forma
577 3052 699 3114 bonum
723 3039 930 3135 mortalibus,

300 3141 410 3225 exigui
433 3141 552 3204 donum
576 3140 671 3203 breve
694 3141 863 3223 temporis,

299 3233 336 3291 ut
359 3231 454 3293 velox
477 3229 573 3293 celeri
596 3228 676 3313 pede
698 3230 829 3294 laberis!

159 3373 211 3420 734
231 3368 332 3436 quitE
358 3371 361 3438 Ι
386 3370 533 3422 lacerasE
559 3371 563 3440 1
589 3373 733 3439 aspectum
752 3377 775 3423 Δ
807 3375 815 3439 ll
847 3377 900 3424 740
919 3372 1036 3441 corripit

88 3445 139 3494 747
159 3443 253 3493 exeret
271 3447 292 3492 Ε
325 3443 334 3509 {l
362 3448 426 3510 post
443 3446 495 3493 ’148
515 3442 647 3509 quaedam
671 3443 839 3497 intercidisse
861 3446 959 3498 stataet
978 3445 1047 3512 Peip

88 3517 141 3565 '149
160 3512 251 3580 qualis
266 3530 294 3566 ω
313 3528 381 3566 corr.
397 3513 454 3566 Leo
467 3515 477 3582 l
491 3517 633 3565 raa-'160
646 3520 707 3581 post
721 3519 772 3566 808
791 3516 932 3570 collocavit
948 3516 1047 3571 Swoba

88 3588 139 3636 '155
157 3583 300 3653 penpinea
318 3590 339 3636 Ε
354 3586 363 3652 [Ι
377 3588 429 3636 ⁸158
448 3599 499 3636 nec
517 3589 540 3635 Δ
554 3587 563 3652 ΙΙ
577 3589 629 3636 ’159
649 3601 744 3638 omnes
763 3591 785 3637 Δ
