2394 3990
411 194 441 250 L.
456 193 597 246 ANNAEI
616 192 779 248 SENECAE

268 339 332 402 iam
357 335 505 402 Cadmeis
528 338 649 403 incluta
671 339 807 404 Bacchis

268 447 398 511 aspersa
420 428 471 491 die
494 428 623 491 dumeta
645 428 762 492 rubent

268 515 455 598 Phoebique
477 517 563 601 fugit
584 515 727 580 reditura
749 538 848 582 soror.

267 604 360 668 labor
382 604 525 668 exoritur
547 605 645 669 durus
668 610 701 669 et
714 606 828 670 omnis

269 693 371 779 agitat
394 714 485 757 curas
509 695 675 777 aperitque
699 694 819 759 domos.

334 780 449 846 Pastor
472 782 578 867 gelida
601 803 680 847 cana
700 784 818 866 pruina
884 863 885 866 Ἴ

269 890 365 955 grege
388 870 520 934 dimisso
544 871 664 954 pabula
686 873 802 955 carpit3

270 958 355 1022 ludit
376 963 470 1041 prato
493 959 576 1023 liber
598 963 708 1043 aperto

268 1047 411 1111 nondum
433 1052 530 1130 rupta
551 1049 658 1112 fronte
680 1049 847 1132 iuvencus,

267 1157 386 1199 vacuae
408 1140 559 1219 reparant
581 1137 680 1201 ubera
702 1142 834 1222 matres3

268 1229 352 1288 errat
371 1237 470 1289 'cursu
492 1226 572 1289 levis
596 1226 718 1290 incerto

268 1313 360 1377 molli
382 1314 531 1396 petulans
554 1314 675 1378 haedus
698 1315 733 1379 in
756 1314 863 1379 herba.
1017 1333 1084 1395 '145

335 1399 457 1465 Pendet
480 1424 605 1467 summo
630 1403 765 1467 stridula
786 1418 893 1468 ramo·

269 1491 449 1574 pinnasque
472 1512 556 1555 novo
579 1490 704 1555 tradere
727 1492 789 1556 soli

268 1579 367 1664 gestit
389 1579 540 1661 querulos
562 1581 647 1644 inter
668 1580 761 1644 nidos

268 1667 406 1732 Thracia
427 1669 555 1750 paelex,

267 1755 426 1838 turbaque
450 1757 534 1821 circa
556 1758 690 1821 confusa
713 1762 806 1821 sonat

268 1867 430 1908 murmure
453 1846 556 1910 mixto
580 1849 697 1910 testata
720 1845 813 1910 diem.
866 1912 867 1915 ,

335 1930 476 1998 Carbasa
498 1935 602 1998 ventis
626 1935 726 1999 credit
748 1935 866 1999 dubius

269 2023 378 2085 navita
400 2023 499 2104 vitae,

268 2111 460 2174 laxosaura
483 2111 663 2194 complente
687 2112 784 2176 sinus.
856 2195 857 2198 Ἴ

267 2198 322 2264 hic
344 2200 447 2263 exesis
469 2200 611 2282 pendens
635 2201 776 2283 scopulis

271 2292 327 2350 aut
349 2288 499 2371 deceptos
522 2289 653 2353 instruit
675 2289 788 2353 hamos

270 2380 326 2439 aut
349 2398 522 2460 suspensus
546 2381 670 2460 spectat
692 2400 801 2461 pressa

269 2465 411 2547 praemia
434 2466 558 2529 dextra:

164 2600 166 2607 ,
270 2554 368 2617 sentit
389 2555 562 2618 tremulum
586 2555 672 2618 linea
694 2555 823 2638 piscem.

337 2711 439 2795 Haec,
463 2713 619 2777 innocuae
643 2715 760 2797 quibus
784 2718 833 2779 est
855 2715 940 2778 vitae

268 2801 444 2884 tranquilla
467 2802 558 2884 quies
738 2861 739 2865 ,

270 2892 302 2953 et
324 2891 409 2954 lecta
432 2912 490 2954 suo
514 2910 677 2974 parvoque
700 2891 828 2977 domus3

270 3000 342 3062 spes
365 2978 515 3043 immanis

269 3067 404 3132 urbibus
427 3072 534 3131 errant
556 3066 738 3151 trepidique
760 3073 874 3134 metus.
896 3109 898 3113 .

159 3210 208 3258 1³4
224 3204 333 3259 incluta
346 3208 377 3274 (u
390 3223 424 3260 m.
439 3223 489 3261 rec.
505 3222 573 3262 corr.
583 3209 615 3260 e'a
629 3207 639 3261 i
655 3208 777 3274 Robore
793 3208 798 3278 Ι
814 3206 908 3261 baccis
920 3218 949 3272 ψ
962 3210 973 3276 u
987 3213 1038 3261 150
1052 3207 1100 3262 cir-

89 3293 153 3330 cum
171 3275 237 3346 A(?)
250 3279 260 3344 ΙΙ
274 3281 319 3328 181
341 3294 369 3344 p.
385 3276 411 3329 d.
427 3277 484 3330 iam
507 3294 570 3346 spes
593 3278 623 3330 in
647 3277 722 3347 agris
744 3279 786 3333 cel
804 3293 867 3348 spes
884 3280 913 3332 et
933 3277 964 3331 in
980 3278 1099 3348 cgristo

89 3365 101 3401 s
123 3363 152 3402 es
167 3346 225 3401 iam
243 3346 354 3416 magnis
368 3353 390 3400 Ε
411 3349 528 3402 correxit
541 3349 577 3401 B.
588 3349 710 3404 Schmidt
723 3350 775 3404 oba.
791 3367 827 3404 cr.
834 3366 865 3418 p.
875 3352 895 3402 8
907 3350 918 3419 u
931 3353 981 3413 102
1002 3365 1100 3405 cucata

112 3417 212 3472 urbine
235 3432 338 3487 magno
359 3433 425 3488 spes
450 3418 588 3474 sollicitae
607 3424 629 3471 A
653 3436 703 3474 om.
727 3426 749 3472 B
769 3423 800 3474 ia
818 3436 902 3491 moro.
923 3421 988 3475 ado.
1009 3418 1046 3475 E*
1067 3418 1099 3488 cl.

159 3508 252 3561 mm.
267 3509 370 3549 Numeros
383 3509 529 3549 Gronovianoa
543 3511 618 3560 ubique
630 3511 775 3551 revocavimus
778 3524 787 3559 ,-
802 3522 875 3561 quare,
891 3510 928 3552 ati
942 3506 1100 3563 ramim&

89 3563 178 3604 eandm
191 3571 304 3604 nummum
318 3562 349 3602 oie
359 3565 472 3612 posuimus
485 3563 562 3602 addita
575 3565 662 3614 repetito
676 3565 688 3602 o
702 3565 774 3605 littera
