2394 3990
87 219 126 272 VI
489 219 693 274 PRAEFATIO

89 369 240 445 accedunt,
259 389 334 445 quae
358 369 396 428 ad
418 369 549 430 indolem
567 374 597 430 et
614 372 742 430 formam
764 369 860 447 operis
879 372 958 428 recte
980 368 1103 430 intelle·

87 458 214 536 gandam
228 477 455 518 commemorare
470 463 594 536 oportet.
625 459 857 538 Tragoediamm
874 460 968 537 igitur
983 461 1102 518 textum

88 566 154 606 cum
176 550 221 606 ita
244 549 392 607 communi
415 567 505 624 opera
528 552 558 607 et
578 548 678 608 labore
701 548 944 608 conformandum
968 547 1102 608 duxisse·

89 655 163 712 mus,
182 639 217 694 ut
235 637 310 696 alter
328 637 450 696 alterius
468 639 589 696 inventa
607 638 656 697 vel
673 637 786 714 placita
805 639 884 697 socio
903 637 1102 697 examinanda

91 729 268 802 proponeret
299 729 329 785 et
360 725 549 784 diiudicanda
580 726 762 804 singulisque
797 727 1018 802 quaestionibus
1054 729 1101 785 in-

91 816 187 873 vicem
209 814 345 873 tractatis
369 817 399 874 et
421 816 590 875 retractatis
607 815 638 873 id
657 814 775 874 demum
793 833 1046 891 consequeremur,
1066 820 1102 874 ut

89 905 234 978 quantum
259 903 324 962 fieri
346 907 459 981 posset,
481 903 560 963 idem
583 904 620 963 ab
648 907 773 979 utroque
801 906 995 978 statueretur,
1021 905 1100 964 hano

88 1009 171 1068 spem
199 991 236 1051 ad
262 994 381 1051 irritum
409 992 493 1052 nobis
522 992 660 1052 cecidisse
687 994 798 1051 invitus
826 992 973 1068 profiteor.
1018 993 1101 1052 Nam

19 1150 25 1161 .
86 1079 189 1139 multis
212 1082 244 1137 in
266 1081 353 1140 rebus
375 1082 496 1141 tametsi
514 1082 625 1141 iudicia
646 1082 776 1158 primum
795 1080 962 1141 differentia
980 1083 1011 1139 in
1030 1100 1100 1141 cou-

87 1187 204 1228 sensum
227 1169 352 1244 denique
381 1170 486 1246 abiere,
510 1170 545 1229 de
568 1189 628 1231 non
650 1171 753 1246 paucis
780 1172 880 1229 tamen
907 1171 1005 1246 iisque
1032 1190 1100 1248 gra-

86 1257 214 1317 vissimis
247 1259 469 1334 quaestionibus
501 1262 603 1318 tantus
634 1260 745 1318 mansit
777 1257 940 1334 dissensus,
973 1262 1007 1317 ut
1039 1278 1100 1334 qua

86 1346 206 1405 tandem
228 1347 344 1406 ratione
367 1349 516 1406 communi
539 1348 664 1407 editioni
681 1347 921 1423 prospiciendum
939 1349 1024 1422 foret,
1044 1367 1099 1426 ego

87 1434 208 1510 quidem
231 1437 366 1512 expedire
391 1440 421 1494 et
444 1436 586 1513 dispicere
609 1455 668 1496 non
690 1455 814 1514 possem.
856 1435 948 1495 Velut
970 1438 1002 1494 in
1025 1438 1099 1513 ipsis

87 1527 192 1601 poetae
211 1524 308 1584 verbis
327 1525 541 1585 constituendis
559 1544 626 1584 oum
647 1544 712 1584 eam
730 1526 841 1585 laboris
861 1527 940 1585 socio
964 1544 1100 1585 normam

86 1614 314 1689 proposuissem,
332 1616 366 1672 ut
384 1614 467 1673 nulla
486 1615 632 1689 scriptura
650 1616 683 1671 in
705 1616 820 1672 textum
842 1616 1022 1691 reciperetur
1040 1615 1100 1674 nisi

87 1701 125 1759 ab
139 1705 265 1776 utroque
284 1700 485 1778 comprobata,
499 1702 631 1761 indicata
650 1705 751 1761 tamen
770 1704 985 1762 sententiarum
1003 1703 1100 1761 diver-

88 1792 176 1849 sitate
190 1790 221 1848 in
236 1791 427 1850 adnotatione
442 1793 554 1865 critica,
568 1786 619 1849 ille
637 1791 810 1850 servitutem
829 1792 905 1850 hanc
919 1791 1099 1867 exprobrans

88 1897 262 1938 consensum
288 1881 414 1957 respuit,
442 1898 501 1940 non
527 1884 628 1939 tamen
656 1878 802 1955 quomodo
826 1898 920 1956 aequo
943 1882 1007 1938 iure
1031 1899 1100 1938 con-

88 1968 232 2027 troversia
261 1971 361 2044 posset
390 1970 527 2045 componi
545 1968 732 2046 designavit.
787 1968 866 2027 Nam
895 1971 929 2027 ut
959 1972 1023 2027 erat
1052 1971 1101 2028 vir

87 2057 212 2132 simplex
236 2060 265 2116 et
286 2057 396 2134 probus
419 2060 450 2116 et
473 2059 572 2117 animo
599 2057 831 2133 candidissimus,
855 2057 898 2116 sic
922 2058 1012 2118 etiam
1036 2057 1100 2132 opi-

87 2146 184 2205 nionis
208 2147 297 2205 semel
315 2150 473 2223 conceptae
496 2147 571 2205 haut
588 2164 665 2221 raro,
684 2149 718 2205 ut
740 2145 814 2205 mihi
836 2144 957 2221 quidem
978 2145 1099 2205 rideba-

87 2235 150 2310 tur,
176 2236 255 2294 iusto
282 2237 422 2296 tenacior.
469 2233 565 2304 Quam
591 2234 629 2294 ob
656 2254 719 2294 rem
747 2234 891 2294 adiutoris
914 2234 1046 2294 officium
1070 2239 1101 2294 et

87 2323 220 2382 laborem
237 2327 388 2399 praestare
410 2327 534 2400 paratus
553 2324 674 2383 editoris
694 2341 800 2383 nomen
822 2326 851 2382 et
869 2323 1034 2399 periculum
1052 2324 1101 2382 illi

88 2411 278 2489 demandare,
306 2433 397 2488 quam
424 2416 487 2489 ipse
516 2412 670 2472 servitium
697 2412 846 2487 quoddam
874 2411 971 2471 subire
996 2412 1099 2470 malui.

87 2501 309 2580 ingravescenti
339 2503 463 2579 posthac
495 2503 585 2560 amici
616 2501 786 2561 valetudine
820 2519 887 2559 cum
914 2500 950 2559 de
979 2502 1100 2577 negotio

88 2652 350 2724 Veroffentlichung
377 2653 427 2707 der
453 2669 544 2708 neuen
568 2652 761 2722 Bearbeitung
789 2652 837 2706 des
863 2652 972 2718 Textcs,
1000 2651 1102 2706 dessen

88 2723 257 2795 Gestaltung
279 2724 368 2779 durch
391 2724 436 2779 die
459 2723 627 2794 Ergebnisse
650 2740 736 2778 neuer
756 2723 998 2794 Vergleichungen
1020 2722 1101 2776 nicht

88 2795 252 2850 wesentlich
265 2795 428 2850 beeinflusst
441 2796 554 2850 werden
566 2795 652 2863 kann,
662 2795 760 2849 immer
773 2795 878 2848 wieder
892 2793 1101 2864 aufgeschoben

89 2865 148 2919 und
170 2866 243 2921 nach
265 2869 384 2921 meinem
407 2866 511 2922 Gefdhl
535 2867 572 2921 ad
589 2865 727 2920 kalendas
746 2881 862 2936 graecas
885 2868 963 2920 verta
1014 2864 1101 2918 sehen

89 2954 123 2990 zu
142 2941 263 3004 missen,
281 2937 331 2991 das
348 2938 422 2993 habe
441 2938 487 2992 ich
502 2937 574 2992 doch
592 2937 691 2991 immer
704 2936 830 3006 peinlich
844 2936 958 3006 empfun
980 2952 1022 2990 en.
1045 2935 1101 2989 Um

90 3026 120 3063 so
140 3007 219 3061 mehr
237 3006 315 3062 fiihle
333 3009 380 3062 ich
396 3009 472 3063 mich
490 3009 562 3063 nach
577 3009 641 3062 dem
654 3008 732 3062 Tude
751 3008 800 3062 des
819 3007 990 3074 trefflichen,
1010 3005 1102 3060 sciner

90 3080 142 3134 Art
160 3081 295 3148 getrcuen
312 3079 428 3133 Mannes
447 3079 629 3150 verpflichtet,
650 3079 705 3134 den
723 3079 826 3148 Ertrag
849 3078 939 3132 seiner
956 3077 1101 3132 redlichen

90 3149 190 3204 Arbcit
208 3149 412 3205 aufzunchmen
429 3150 487 3204 und
504 3151 723 3207 weiterfuhrend
741 3169 776 3204 zu
793 3153 954 3217 verwerten,
973 3147 1102 3218 cuglcich

92 3221 159 3274 aber
178 3222 250 3276 auch
269 3221 310 3276 sie
329 3221 441 3277 endlich
459 3221 563 3277 einmal
581 3241 615 3276 zu
634 3222 738 3288 ciuem,
761 3238 842 3276 wenn
866 3221 938 3276 euch
958 3238 1011 3274 nur
1029 3219 1102 3274 rela-

90 3292 168 3347 tiven
185 3293 339 3348 Abschluss
358 3311 392 3346 cu
410 3292 536 3363 bringeri.
572 3294 630 3348 Das
652 3310 711 3347 war
729 3292 775 3346 ich
795 3293 858 3346 dem
876 3292 1032 3346 Andenken
1051 3291 1101 3345 des

90 3363 234 3418 Freundes
256 3364 310 3420 wie
333 3365 383 3419 der
404 3363 609 3419 Wissenschaft
631 3364 662 3418 in
685 3363 824 3434 gleichem
846 3365 938 3417 Masso
962 3362 1101 3433 schuldig.

93 3434 145 3488 Die
172 3451 243 3489 neue
270 3435 441 3489 Bearbeitun
488 3435 537 3488 der
563 3435 724 3506 Tragddien
752 3435 819 3490 aber
846 3435 956 3488 mdchte
981 3434 1028 3486 ich
1052 3452 1103 3488 um

92 3505 186 3560 femor
203 3506 347 3578 liegender
365 3454 479 3560 Zwecle
497 3506 592 3560 willen
611 3507 665 3560 den
684 3507 830 3576 gelehrten
848 3505 972 3570 Kreisen,
993 3504 1038 3557 die
1060 3506 1102 3560 sie

95 3579 231 3632 erwarten
249 3578 357 3645 dfirfen,
376 3578 455 3632 nicht
472 3577 570 3647 linger
588 3577 629 3632 als
648 3579 729 3649 ndtig
747 3576 878 3646 schuldig
895 3575 1027 3630 bleiben.'
