2394 3990
424 178 428 191 '
501 199 706 254 1111111110
1060 199 1110 254 vn

91 350 274 412 conficiendo
303 351 480 427 desperaret,
509 352 591 409 enixe
618 369 671 427 per
698 351 814 411 litteras
842 371 889 412 1110
916 353 1043 429 rogarit,
1070 371 1107 410 ne

94 442 295 500 communium
322 438 458 498 laborum
480 441 576 514 perire
603 440 734 497 fructum
761 441 895 499 sinerem.
936 439 1108 499 Moribundi

92 528 230 606 precibus
253 533 288 587 ut
311 529 523 603 satisfacerem,
546 529 650 586 nuntio
674 528 710 587 de
733 531 795 588 eius
819 529 903 589 obitu
926 529 1017 588 allato
1042 550 1106 587 mu-

92 619 159 677 neri
178 618 316 677 editionis
334 636 428 676 novae
448 616 643 676 absolvendae
662 620 752 693 atque
765 620 798 676 in
816 618 913 677 lucem
928 617 1106 677 emittendae

92 709 192 767 totum
215 726 261 765 me
285 698 394 787 dedis)
431 706 467 764 In
490 725 548 781 quo
571 707 690 784 negotio
714 709 748 765 ut
770 708 981 774 veritatemet
1003 706 1107 765 iudicii

91 796 263 855 libertatem
294 795 395 854 debita
428 813 498 872 erga
531 795 658 854 amicum
683 795 794 871 pietate
822 799 1029 873 temperarem,
1062 797 1106 855 ita

91 885 169 944 111111
195 883 372 944 versandum
400 902 462 944 esse
485 883 568 958 duxi,
595 887 629 942 ut
651 884 684 941 in
706 888 812 960 poetae
834 885 931 945 verbis
955 888 985 943 01
1007 903 1106 944 recen-

91 973 192 1033 sendis
216 976 246 1032 01
270 972 459 1032 emendandis
483 973 579 1032 solum
602 972 634 1031 id
656 991 792 1047 sequerer
815 973 895 1049 quod
917 993 1020 1032 verum
1043 991 1106 1033 0000

92 1063 141 1121 101
155 1062 217 1121 veri
232 1063 327 1121 0111110
341 1062 481 1140 religiosa
493 1057 705 1121 deliberatione
718 1064 782 1138 ipse
796 1063 871 1121 milri
884 1064 1106 1138 persuasissem,

92 1153 184 1210 amici
206 1154 306 1210 tamen
328 1150 474 1209 iudicium
495 1153 524 1210 et
547 1151 733 1226 sententiam,
752 1151 803 1208 ubi
823 1171 841 1209 a
859 1170 924 1211 meo
943 1151 1106 1211 discederet

90 1235 200 1300 10111
227 1241 293 1317 ipsa
321 1239 513 1299 adnotatione
541 1239 644 1298 critica
671 1239 719 1298 vel
745 1241 890 1316 peculiari
913 1240 1105 1316 Peipcrianae

90 1329 229 1388 lectionis
258 1332 418 1405 conspectu
440 1323 511 1387 huic
534 1329 714 1404 praefationi
737 1328 838 1388 addito
862 1329 971 1388 diserte
994 1329 1105 1406 signifi-

91 1435 198 1476 carem.
234 1416 298 1487 Quo
322 1420 422 1476 autem
444 1418 568 1476 consilio
592 1420 622 1476 et
644 1419 760 1476 ratione
783 1417 888 1495 opibus
913 1420 944 1476 et
965 1416 1105 1476 subsidiis

90 1506 130 1565 ab
155 1507 208 1566 illo
230 1506 343 1566 relictis
368 1506 406 1565 ad
429 1525 503 1581 opus
527 1505 740 1565 conficiendum
767 1525 837 1566 usus
860 1509 931 1580 sim,
959 1525 1105 1566 commen-

89 1597 207 1654 tatione
231 1613 321 1672 supra
344 1598 508 1654 memorata
531 1595 628 1669 docui,
647 1597 740 1671 ipsius
763 1595 873 1655 laboris
892 1615 1002 1672 magna
1019 1599 1105 1672 parte

89 1683 213 1744 lecturis
236 1685 398 1760 proposita.

159 1773 259 1847 Atque
286 1774 319 1830 in
345 1773 418 1848 ipsis
445 1772 607 1850 tragoediis
637 1772 820 1831 recensendis
853 1775 882 1833 et
915 1772 1104 1832 emendandis

88 1861 165 1937 quid
188 1863 280 1921 etiam
301 1865 371 1937 post
393 1863 527 1938 egregias
550 1861 714 1919 Famnarm
736 1859 851 1920 Laome
874 1853 1016 1941 curas,'¹‘’¹‘)
1045 1881 1104 1936 quo

88 1955 161 2032 post
188 1949 373 2010 Gnoncvnm
400 1951 547 2009 neminem
575 1949 610 2008 de
637 1950 692 2009 hoc
720 1949 889 2008 litterarum
913 1953 1104 2008 monumento

89 2039 197 2098 melius
220 2041 359 2098 meritum
378 2057 440 2098 0000
463 2040 588 2115 constat,
606 2039 753 2115 praestari
770 2057 856 2114 posse
880 2038 1031 2097 videretur
1049 2040 1104 2098 hoc

90 2129 157 2187 1000
177 2127 379 2204 exponendum
398 2130 450 2186 est.
488 2126 546 2197 Qui
568 2147 634 2186 cum
653 2127 812 2186 Etruscum
833 2128 928 2203 illum,
951 2129 1104 2205 praestan-

88 2217 242 2276 tissimum
261 2216 459 2276 bibliothecae
481 2216 699 2276 Laurentianae
721 2216 942 2294 tragoediarum
965 2216 1104 2290 codicem,

91 2309 122 2365 01
142 2301 277 2364 ‘unicum
296 2308 441 2383 genuinae
459 2306 681 2383 tragoediarum
695 2307 825 2382 corporis
841 2299 1022 2382 exemplum'
1042 2323 1104 2363 ma-

89 2396 172 2453 xima
191 2394 357 2453 subtilitate
380 2396 444 2471 ipse
463 2394 559 2455 denuc
583 2396 765 2468 excussisset,
788 2397 818 2453 et
835 2395 932 2453 multa
949 2394 997 2454 101
1016 2395 1104 2454 aliter

89 2501 121 2542 se
145 2484 252 2560 legisse
275 2503 365 2558 quam
388 2502 406 2542 a
429 2484 513 2544 nobis
539 2503 575 2542 ex
599 2483 777 2542 Η.Ρ111111
804 2483 963 2560 collatione
990 2483 1103 2542 tradita

90 2575 177 2631 erant
196 2572 245 2631 101
264 2572 374 2631 abhoc
398 2573 518 2632 silentio
537 2591 678 2649 oppressa
696 2572 814 2632 disertis
832 2571 930 2631 verbis
948 2572 1103 2647 indicaret,

89 2661 168 2720 hanc
187 2659 404 2720 dubitationem
421 2661 522 2721 adon.
539 2662 748 2720 Tsomnnnmo
767 2681 832 2720 meo
850 2664 959 2738 rogatu
977 2662 1021 2719 ita
1040 2678 1102 2719 esse

88 2749 272 2826 expeditam,
299 2753 334 2809 ut
361 2752 403 2809 eis
430 2751 503 2810 locis
531 2749 582 2808 ubi
610 2750 645 2810 de
668 2751 817 2827 scriptura
840 2748 971 2807 dubitari
993 2752 1103 2825 posset,

89 2839 187 2898 denuo
209 2840 359 2916 inspectis,
384 2859 401 2899 a
424 2838 530 2898 annn
553 2858 623 2899 vera
646 2840 742 2898 relata
760 2856 822 2897 esse
845 2839 963 2913 praeter
984 2839 1102 2914 paucis·

89 2929 167 2986 sima
190 2931 347 3003 constaret,
365 2930 397 2986 11
419 2930 667 2988 commentatione
686 2928 789 2987 critica
808 2925 966 3002 symbolae
980 2926 1103 2986 Jenensi

162 3133 185 3201 *)
205 3131 285 3198 Quod
303 3149 375 3186 nova
394 3133 481 3187 editio
502 3149 594 3187 annuc
613 3131 705 3201 spatio
725 3131 831 3186 diutius
850 3148 934 3199 quam
953 3130 1102 3200 oportebat

89 3219 107 3257 a
126 3204 205 3272 prelo
223 3203 368 3273 prohibita
386 3208 437 3270 001,
457 3204 487 3257 id
510 3221 567 3258 non
584 3218 647 3257 mea
666 3202 749 3272 culpa
769 3203 818 3257 sed
836 3202 965 3256 officinae
985 3201 1101 3256 018001-

88 3291 169 3329 orum
186 3277 344 3329 nostrcrum
362 3275 577 3329 necessitatibus
596 3274 702 3328 factum
721 3290 781 3328 0000
799 3274 969 3329 monendum
988 3273 1063 3326 duxi.

161 3346 199 3415 **)
218 3345 248 3398 L.
267 3346 377 3398 Annaei
399 3346 520 3401 Senecae
538 3346 711 3416 tragoediae,
734 3345 873 3400 recensuit
892 3347 922 3400 et
941 3343 1101 3398 emendavit

85 3417 473 3471 Ι111110110101100.Βο101111
494 3417 570 3486 apud
591 3417 886 3471 Weidmannos1879.
922 3414 985 3470 Vol.
1008 3415 1099 3484 primo

86 3487 130 3542 De
145 3487 207 3541 Sen.
222 3490 293 3558 trag.
310 3487 517 3542 observationes
536 3488 659 3555 criticae,
679 3488 740 3543 Vol.
755 3488 843 3542 altero
859 3487 920 3540 Sen.
936 3485 1100 3556 tragoediae

86 3562 117 3614 et
137 3557 254 3613 Octavia
273 3560 456 3614 continentur.
