2376 3984
367 198 557 253 naaevnns
579 199 745 272 [uranus]

48 364 112 406 non
134 347 242 407 vetera
264 345 387 427 patriae
410 344 480 407 iura
503 345 651 428 possideo
676 344 789 410 domus

51 431 182 515 ignavus
205 431 312 516 heres3
335 432 461 497 nobiles
484 454 551 496 non
574 437 649 497 sunt
671 433 752 498 mihi

53 520 100 582 ari
121 540 180 583 nee
202 521 276 584 altis
300 520 448 585 inclitum
471 521 575 585 titulis
599 543 715 607 genus,

18 644 22 649 ·
57 607 107 671 aed
128 609 212 672 clara
234 609 351 673 virtus:
376 610 432 693 qui
455 631 555 695 genus
579 611 677 674 iactat
700 634 808 695 suum,
1009 630 1063 678 346

10 698 13 703 ’
59 696 154 760 aliena
174 698 294 762 laudat.
339 702 432 781 rapta
455 697 510 762 sed
533 699 657 783 trepida
680 722 777 764 manu

60 790 172 869 sceptra
194 787 395 870 obtinentur3
418 787 522 851 omnis
546 788 580 850 in
602 789 687 852 ferro
711 794 759 853 est
782 791 882 854 salus:

62 874 136 954 qnod
157 875 279 939 civibus
302 879 410 939 tenere
432 880 465 939 te
488 876 599 940 invitis
623 878 718 959 seiae,

65 962 179 1027 strictus
202 967 312 1028 tuetur
335 964 428 1027 ensis.
474 965 579 1029 alieno
602 966 637 1028 in
658 966 731 1029 loeo

63 1047 129 1113 haut
149 1053 262 1116 stabile
284 1074 420 1137 regnum
444 1056 506 1136 est3
528 1076 593 1117 una
615 1055 671 1117 sed
693 1059 818 1119 nostras
842 1061 949 1138 potest
1008 1073 1061 1120 345

65 1138 181 1202 fundare
202 1142 286 1205 vires
310 1142 420 1205 iuncta
441 1143 543 1226 regali
564 1142 634 1206 face

65 1224 259 1313 thalamisque
281 1229 424 1315 Megara:
448 1231 543 1294 ducet
566 1252 583 1294 e
606 1252 721 1315 genere
743 1232 855 1295 inelito

64 1317 172 1380 nautas
195 1319 335 1383 colorem
359 1322 477 1382 nostra.
523 1340 590 1382 non
613 1319 761 1402 equidem
784 1342 857 1384 reor

45 1402 119 1468 ‘lore
139 1411 174 1469 ut
195 1411 320 1470 recuset
343 1427 379 1470 ae
402 1428 491 1471 meos
515 1413 644 1491 spernat
666 1412 769 1489 t0r0s3

65 1493 185 1572 quodsi
207 1495 379 1579 impotenti
401 1496 549 1579 pertinax
573 1497 680 1560 animo
704 1497 838 1579 abnuet,
1008 1513 1060 1562 316

64 1584 115 1644 etat
134 1584 246 1647 tollere
270 1605 398 1647 omnem
421 1585 549 1668 penitus
572 1583 765 1649 Herculeam
789 1587 928 1649 domum.

63 1667 168 1734 invidia
188 1672 312 1736 facturn
335 1693 371 1735 ac
394 1695 498 1737 sermo
521 1675 686 1756 popularis
709 1675 855 1757 premet?

63 1778 102 1820 ars
122 1761 224 1843 prima
246 1762 338 1846 regni
361 1765 410 1825 est
432 1783 526 1844 posse
551 1785 566 1821 e
591 1763 746 1826 invidiam
768 1764 845 1847 pati.

61 1847 240 1930 temptemus
264 1850 376 1934 igitur,
398 1850 465 1914 fors
488 1850 575 1913 dedit
597 1851 691 1915 nobis
714 1852 831 1914 locum.

60 1954 184 2019 namque
207 1939 291 2021 ipsa,
313 1938 399 2001 tristi
421 1939 519 2003 vestis
543 1940 678 2003 obtentu
702 1944 798 2022 eaput
1006 1954 1058 2004 366

60 2025 162 2108 relata,
185 2027 276 2090 iuxta
298 2027 457 2110 praesides
481 2026 586 2091 adstat
609 2029 685 2091 deos

60 2109 200 2198 laterique
224 2114 375 2179 adhaeret
397 2137 490 2180 verus
513 2113 645 2180 Aloidae
669 2120 764 2181 sator.

60 2215 127 2264 336.
159 2202 318 2278 Quidnam
342 2205 415 2288 iste,
437 2206 540 2268 nostri
563 2206 688 2290 generis
713 2205 846 2268 exitium
871 2227 907 2268 ae
930 2205 1013 2286 lues,

61 2291 122 2354 ueri
144 2292 257 2375 parat?
282 2292 359 2375 quid
377 2293 536 2376 temptat?
582 2310 657 2357 nro.
686 2291 712 2356 Ο
737 2294 858 2358 elerum
882 2292 1012 2356 trahens

61 2380 186 2463 astirpe
208 2399 329 2444 nornen
350 2382 450 2466 regia,
474 2381 577 2446 facilis
600 2403 672 2445 mea
1006 2397 1058 2445 366

61 2484 217 2551 parumper
240 2491 316 2532 aure
338 2470 436 2533 rerba
457 2471 594 2553 patienti
617 2470 736 2553 excipe.

62 2553 83 2615 si
101 2560 225 2621 aeterna
248 2579 375 2641 semper
398 2558 471 2622 odia
493 2560 645 2622 mortales
670 2562 783 2644 gerant

62 2661 107 2708 uae
128 2649 260 2729 coeptus
282 2667 436 2729 umquam
460 2647 551 2711 aedat
574 2670 613 2711 ex
636 2648 751 2711 animis
774 2647 873 2728 furor,

63 2732 105 2794 ed
125 2756 212 2797 arma
234 2733 314 2798 felix
336 2738 443 2799 teneat
465 2736 578 2799 infelix
601 2740 705 2819 paret,

61 2818 129 2884 nihil
150 2823 333 2906 relinquent
356 2824 453 2908 bella3
476 2828 546 2887 tum
569 2825 669 2888 vastis
693 2845 769 2908 ager
1006 2836 1057 2886 366

62 3116 95 3180 a
219 3049 808 3190 esraanazaraenae
827 3050 1058 3173 lema

60 3200 114 3252 gera
130 3189 215 3244 ducet
238 3192 267 3244 et
286 3209 314 3260 g.
333 3190 351 3245 i.
370 3197 392 3244 x
408 3195 412 3261 Ι
429 3192 513 3246 dueet
530 3207 633 3262 genere
651 3196 688 3243 At
710 3208 777 3246 cerr.
796 3203 824 3256 ψ
847 3192 856 3258 ll
880 3194 932 3242 313
951 3189 1057 3243 fastum

60 3257 195 3328 ΑΙἺ313
212 3276 296 3330 posse
315 3260 454 3316 inuidiam
471 3269 493 3316 Ε
521 3282 547 3332 p.
568 3262 604 3315 ad
622 3261 761 3315 inuidiam
780 3265 802 3312 Δ
822 3261 946 3328 (Richter
966 3261 1001 3314 K.
1025 3261 1057 3314 U.

59 3341 79 3391 p.
91 3334 133 3399 17)
155 3332 364 3400 pennatulus
387 3349 469 3402 posse
485 3349 610 3387 rumores
629 3333 691 3402 pati
709 3334 750 3387 uel
768 3331 859 3401 plebis
873 3331 1010 3384 invidiam
1028 3349 1056 3399 p.

60 3396 111 3467 leo,
127 3401 156 3455 in
174 3401 314 3456 invidiam
332 3421 359 3472 p.
375 3405 456 3474 (ray.
471 3408 539 3472 470)
553 3405 673 3470 Richter,
693 3420 756 3456 eum
769 3402 878 3455 invidia
892 3421 918 3471 p.
934 3403 1034 3469 Perper
1048 3402 1057 3468 ll

59 3470 100 3523 ⁸⁸4
123 3471 216 3526 locum
244 3474 327 3528 nobie
352 3481 374 3527 16
397 3478 406 3545 ΙΙ
429 3479 480 3528 311
507 3474 597 3528 tristia
625 3479 661 3526 Δτ
685 3476 695 3543 l
718 3478 770 3528 316
798 3490 847 3528 om.
876 3473 912 3524 ΕΙ
940 3474 957 3524 t.
984 3488 1055 3540 mep.

59 3540 110 3596 edd.
127 3542 163 3597 1²
175 3546 186 3613 ΙΙ
200 3549 252 3598 331
270 3543 357 3611 bella,
375 3546 494 3599 vastatis
514 3561 581 3615 ager
599 3546 715 3616 Bentley
1053 3586 1056 3591 -
