2394 3990
141 216 204 282 166
462 215 492 267 L.
507 213 649 268 mmm
662 213 829 269 monn

138 364 294 445 laqueone
317 362 416 425 vitam
439 360 551 424 finiam
574 381 616 424 aa
637 360 722 424 ferro
745 361 918 424 mouban?

139 475 180 515 an
202 451 300 515 missa
322 469 473 534 praeceps
496 469 567 512 aree
590 448 735 513 Palladia
757 449 891 514 ondam?
1096 467 1147 516 222

138 557 242 604 ravan.
266 538 319 604 Sic
342 543 374 603 te
397 542 542 602 senectus
564 542 674 602 nostra
695 538 863 621 praecipiti
882 539 971 604 sinat
1097 556 1147 605 722

138 628 242 713 perire
264 628 353 692 leto?
376 628 452 691 siste
474 626 685 691 furibundum
708 628 873 711 impetum.

139 717 240 801 [haud
263 718 433 801 quisquam
457 717 619 780 advitam
642 715 736 780 facile
757 717 901 781 rerooari
924 717 1048 810 potest]

139 825 194 870 ΡΗ.
218 805 393 871 Prohibere
416 806 505 869 nulla
527 806 609 868 ratio
633 805 811 888 periturum
833 809 953 888 potest:
1097 823 1147 872 2oe

138 895 195 959 ubi
219 895 274 978 qui
297 895 380 958 mori
403 895 571 959 constituit
594 897 626 958 et
650 892 743 958 debet
765 895 856 958 mori

139 985 234 1068 proin
257 984 412 1048 eastitatis
436 982 595 1047 vindioam
617 982 777 1047 armemus
800 1005 940 1048 manum.
1097 1001 1145 1050 221

138 1091 241 1136 suun.
266 1071 416 1137 Solamen
439 1072 530 1136 annis
552 1071 684 1134 unicum
707 1073 814 1155 fessis,
836 1094 903 1156 ara,
1098 1090 1147 1138 ast

138 1163 166 1226 si
189 1167 255 1226 tam
278 1167 446 1245 protervus
471 1159 603 1224 incubat
625 1161 726 1225 menti
748 1161 847 1244 furor,

138 1256 307 1316 contemne
328 1251 448 1315 famam
467 1251 615 1313 -fama
637 1250 693 1313 vix
714 1272 790 1315 vero
812 1251 914 1333 favet,

138 1341 229 1424 peius
252 1341 388 1404 merenti
410 1340 525 1403 melior
547 1342 580 1402 et
601 1338 693 1421 peior
715 1339 809 1403 bono.
1097 1356 1148 1405 272

137 1434 331 1513 temptemus
354 1430 497 1493 animum
520 1427 646 1491 tristem
668 1431 701 1492 et
722 1429 968 1494 intractabilem.

137 1540 229 1583 meus
252 1520 313 1582 iste
335 1519 427 1582 labor
449 1521 498 1581 est
520 1515 653 1601 aggredi
675 1518 824 1581 iuvenem
846 1517 951 1582 lerum

138 1612 342 1690 mentemque
365 1629 492 1672 saevam
514 1605 642 1670 flectere
665 1607 799 1670 immitis
822 1607 892 1670 viri.

448 1824 622 1892 OHORVS
646 1825 839 1892 ORESSAE

364 1962 448 2026 Diua
469 1983 536 2028 non
558 1961 631 2024 miti
654 1964 805 2046 generata
826 1965 942 2044 ponte,

300 2074 396 2135 quarn
419 2058 514 2117 voaat
535 2054 671 2114 matrem
694 2051 841 2136 geminus
865 2048 1006 2135 Oupido,
1101 2066 1148 2116 277

300 2141 474 2225 [impotens
497 2139 635 2205 flammis
659 2139 757 2203 simul
778 2143 811 2203 et
833 2140 976 2224 sagittis]

302 2232 361 2293 iste
384 2230 522 2294 lascivus
546 2250 625 2312 puer
647 2232 680 2292 et
700 2229 849 2293 renidens

299 2320 364 2383 tela
387 2340 484 2400 quam
508 2322 595 2382 certo
618 2316 801 2381 moderatur
823 2319 911 2381 arou!

300 2408 435 2492 [labitur
457 2412 543 2472 totas
564 2407 655 2470 furor
677 2407 712 2470 in
733 2406 889 2470 medullas

299 2519 374 2649 tigdte
387 2496 716 2651 ffltvqaffiuffie
724 2496 998 2670 ptdtgldsdroutem,
1100 2512 1150 2560 Μ

301 2675 356 2738 sed
377 2681 470 2739 vorat
492 2679 592 2739 tectas
615 2674 744 2756 penitus
767 2674 931 2738 medullas.

301 2765 390 2827 nulla
412 2787 475 2848 pax
498 2763 553 2827 isti
575 2785 689 2846 puero:
712 2784 770 2845 per
793 2763 902 2827 orbam

299 2853 425 2938 spargit
447 2853 563 2918 effusas
586 2852 680 2937 agilia
704 2852 851 2936 sagittam

302 2963 445 3025 quaeque
468 2945 651 3006 nascentem
674 2940 762 3004 videt
785 2963 841 3004 ora
864 2942 979 3023 solem,
1100 2957 1150 3004 226

214 3156 264 3202 261
279 3158 342 3218 post
364 3170 388 3206 o.
408 3158 461 3206 266
479 3154 600 3221 reposuit
619 3151 728 3206 Gronov
750 3153 755 3220 1
777 3170 836 3204 uva.
855 3151 926 3220 proh
945 3151 1087 3206 eastitatis
1105 3156 1127 3204 A
1144 3152 1153 3220 ’1

141 3227 195 3274 262
215 3221 239 3274 ai
252 3224 281 3274 te
296 3240 316 3275 a.
332 3228 368 3274 Δτ
389 3226 392 3292 1
409 3224 482 3277 sinet
495 3242 515 3278 τ
528 3227 538 3293 11
552 3228 605 3277 264
620 3238 671 3276 om.
686 3240 706 3276 τ
724 3222 774 3277 del.
791 3222 912 3293 Scaliper
928 3225 932 3290 1
948 3239 1048 3277 auram
1062 3172 1152 3277 Beaset

139 3311 167 3361 p.
188 3296 224 3346 63
245 3294 255 3361 11
277 3297 329 3345 267
349 3295 503 3362 perituram
521 3300 558 3347 Δτ
583 3296 593 3363 11
619 3298 673 3347 266
691 3293 795 3361 quisA
822 3296 832 3363 11
858 3298 911 3347 262
930 3296 1088 3348 comtemne
1105 3300 1126 3346 A
1143 3294 1152 3335 Η

140 3368 195 3416 274
214 3382 326 3416 canaan
350 3382 399 3420 om.
418 3371 441 3418 A
473 3368 483 3435 11
513 3370 567 3419 276
584 3371 617 3420 at
637 3365 740 3432 falsum
760 3365 873 3435 ‘pomini
892 3366 1052 3435 Oups'ds'rsia‘
1071 3369 1150 3420 iuter-

141 3442 336 3503 pretameatma
358 3437 409 3491 del.
430 3438 471 3489 M.
488 3438 594 3491 Mdller
607 3453 636 3504 p.
651 3440 702 3503 29,
726 3437 774 3505 qui
794 3443 863 3492 reete
885 3437 918 3491 de
936 3437 1023 3492 Erote
1041 3445 1067 3493 et
1084 3438 1151 3492 Aue

140 3513 212 3561 erote
225 3509 326 3576 capital
338 3509 347 3575 11
361 3512 413 3560 277
432 3508 486 3562 iste
499 3524 569 3577 puer
581 3507 705 3561 lasciuus
719 3510 748 3560 et
762 3523 826 3562 aare
837 3507 933 3561 nitens
946 3513 969 3560 A
983 3510 993 3576 1
1006 3514 1059 3562 272
1078 3509 1152 3562 ison-

142 3578 218 3632 latnr
235 3581 354 3647 Δ11272.
370 3584 423 3631 222
442 3597 492 3633 orn.
508 3597 527 3633 τ
545 3580 595 3633 dol.
611 3579 698 3633 Bada
717 3579 764 3646 (af.
781 3583 844 3645 642,
865 3578 927 3633 Oed.
943 3583 1010 3650 124)
