2394 3990
123 219 190 283 302
447 217 477 271 L.
492 215 633 271 ANNAEI
653 215 816 271 SENECAE

432 414 627 513 avarsus
665 413 838 480 cnonvs

175 539 269 617 ¹llum
292 563 344 605 me
367 563 425 625 por
447 563 540 605 auras
563 540 659 605 turbo
682 541 892 624 praecipitem
916 541 1013 607 vehet

123 635 257 715 atraque
278 631 364 694 nube
387 628 543 713 involvet,
565 634 603 694 ut
625 633 752 693 tantum
774 629 864 694 nefas

124 717 888 892 ddildddtdldlipddddnddlnudflldddodimduirdilas
911 809 1011 873 novi?
1092 736 1142 786 ωδ

122 913 227 961 nvnr.
252 895 414 972 Quaenam
433 898 495 962 ista
513 898 603 982 regio
622 897 692 961 est?
714 893 821 981 Argos
839 899 873 960 et
892 894 1021 981 Sparte,
1040 900 1111 982 pios

125 986 239 1050 sortita
261 986 390 1068 fratres,
413 988 446 1049 et
468 986 565 1050 maria
589 985 711 1071 gemini
733 1007 882 1068 premens

122 1074 231 1139 fauces
256 1073 441 1158 Corinthos,
463 1096 506 1137 an
527 1073 603 1138 feris
627 1071 739 1138 Hister
761 1075 873 1158 fugam

122 1163 278 1248 praebens
301 1160 429 1246 Alanis,
451 1184 493 1226 an
516 1163 576 1227 sub
599 1166 729 1227 aeterne
750 1164 835 1227 nive.
1091 1180 1141 1229 ceo

122 1250 274 1335 Hyrcana
296 1251 393 1316 tellus
416 1273 458 1316 an
480 1252 555 1336 vagi
577 1253 698 1334 passim
723 1249 883 1335 Scythae?

123 1342 195 1424 quis
218 1340 272 1405 hic
293 1340 425 1404 nefandi
448 1343 497 1405 eet
520 1341 667 1404 conscius
690 1341 828 1404 monstri
850 1339 963 1405 locus?

124 1445 226 1494 enon.
249 1428 358 1493 Effare
376 1433 409 1494 et
426 1429 513 1494 istud
532 1430 646 1513 pande,
664 1428 892 1512 quodcumque
908 1431 974 1513 est‚.
986 1428 1116 1494 malum.

122 1534 227 1582 nvnc.
251 1515 287 1581 Si
310 1519 435 1582 steterit
458 1519 598 1601 animus,
621 1519 649 1582 ei
672 1522 761 1582 metu
784 1538 901 1602 corpus
923 1519 1033 1602 rigens

121 1608 265 1671 remittet
287 1610 384 1672 artua.
429 1605 541 1671 haeret
563 1609 597 1670 in
619 1607 713 1670 vultu
736 1607 835 1670 trucis
917 1661 920 1667 .
1091 1623 1139 1672 ceo

123 1696 231 1780 imago
254 1694 340 1758 fecti.
384 1695 468 1759 ferte
490 1716 543 1759 me
565 1696 696 1759 insanae
718 1695 847 1778 procul,

122 1782 194 1866 illo,
217 1783 390 1867 procellae,
412 1784 494 1847 ferte
517 1804 581 1867 quo
605 1784 707 1847 fertur
730 1783 797 1848 dies

121 1870 198 1935 hinc
219 1876 340 1956 raptus.
387 1887 490 1936 cnon.
513 1871 651 1936 Animos
674 1873 804 1956 gravius
827 1872 966 1936 incertos
990 1876 1090 1938 tenes.

123 1961 199 2042 quid
224 1961 266 2025 sit
289 1961 375 2043 quod
397 1960 509 2025 horres
533 1961 591 2025 ede
614 1964 646 2024 et
669 1964 833 2024 auctorem
856 1960 975 2025 indica:

121 2050 705 2222 litini‘irllffilullfidllle
727 2049 1013 2221 {latta
1087 2065 1137 2115 ⁶⁴⁰

122 2245 275 2290 conversa
297 2227 499 2309 adenstros,
524 2228 614 2290 cuius
638 2229 817 2291 extremum
840 2226 926 2291 latua

122 2316 263 2398 aequale
277 2316 381 2379 monti
405 2315 518 2380 crescit
541 2319 639 2399 atque
661 2315 773 2380 urbem
796 2315 915 2398 premit

121 2407 153 2468 et
177 2407 399 2468 contumacem
421 2403 552 2489 regibus
575 2402 733 2488 populum
757 2405 834 2468 suis.

122 2493 221 2558 habet
244 2493 304 2557 sub
327 2494 408 2578 ictu3
430 2493 535 2578 fulget
557 2491 611 2556 hic
634 2493 748 2557 turbae
771 2512 872 2575 capax
1089 2507 1137 2557 645

120 2583 260 2646 immane
284 2585 419 2664 tectum,
443 2583 533 2646 cuius
556 2585 684 2646 auratas
707 2581 813 2645 trabes

121 2672 217 2736 variis
241 2671 408 2735 columnae
431 2670 556 2735 nobiles
580 2670 715 2734 maculis
737 2669 854 2734 ferunt.

120 2764 195 2844 post
218 2761 280 2824 ista
302 2760 401 2844 vulgo
425 2761 516 2842 ncta,
540 2780 621 2842 quae
644 2759 758 2842 populi
781 2758 907 2840 colunt,

20 2920 22 2927 ,
121 2851 156 2912 in
178 2850 281 2912 multa
304 2848 392 2912 dives
416 2848 520 2931 spatia
544 2848 678 2912 discedit
701 2847 828 2932 domus3
960 2907 963 2911 .

20 2936 22 2949 '
121 2958 236 3001 arcana
259 2938 382 3001 inimo
405 2937 495 3020 regio
520 2957 646 3001 secessu
669 2938 765 3019 iacet,

121 3026 187 3089 elta
209 3029 372 3090 vetustum
396 3025 478 3089 valle
502 3045 708 3108 compescens
731 3045 858 3106 nemus,

121 3113 285 3197 penetrale
307 3114 411 3200 regni,
434 3113 523 3178 nulla
547 3135 610 3196 qua
632 3115 734 3178 laetos
759 3113 841 3177 solet

194 3293 246 3341 623
269 3293 346 3342 uvat.
365 3288 455 3357 praef.
475 3294 497 3345 Ε
523 3291 526 3357 Ι
551 3286 632 3342 uehit
648 3293 671 3340 B
687 3290 708 3357 ¹tl
735 3292 788 3341 624
811 3284 934 3340 inuoluit
951 3291 974 3338 Ε
1001 3286 1102 3341 uoluat
1119 3289 1141 3338 Δ

121 3374 189 3414 corr.
205 3378 226 3412 α
241 3361 250 3429 ΙΙ
264 3365 315 3413 627
334 3360 436 3428 impios
456 3361 501 3429 All
514 3365 567 3413 629
586 3358 735 3413 Corinthus
753 3363 791 3411 Av
807 3359 817 3427 ΙΙ
831 3357 983 3496 θὸᾏάοῐὲθνηο
996 3357 1141 3482 ddrmeioi

120 3430 397 3572 giddeddldddddfeed
410 3433 667 3571 dedioddthllidll
681 3445 734 3554 idi
749 3432 952 3570 pidtdtqdulatet
961 3501 994 3554 ci.
1006 3446 1141 3568 Ricdlerfl

122 3578 175 3626 652
194 3589 266 3643 quae
284 3576 334 3627 ΕΔ
353 3589 421 3628 corr.
440 3584 468 3638 ψ
