2394 3990
384 215 574 271 necemus
594 216 762 289 [evenus]

93 363 206 428 sollicito
227 361 313 426 tenti
335 362 439 445 pretia
461 362 584 426 natales
607 361 729 426 hebent

93 473 254 536 semperque
278 471 397 535 magno
421 451 567 515 constitit
588 451 678 515 nasci
701 451 804 514 deum.

93 556 147 603 sse.
166 539 407 621 Quemcumque
429 540 582 603 miserum
605 539 736 622 videris,
759 539 923 604 hominem
947 542 1037 607 scies.

58 640 63 645 '
92 646 174 695 enee,
196 627 437 710 Quemcumque
459 627 577 692 fortem
599 627 731 711 videris,
753 629 905 693 miserum
930 652 1036 716 neges.

93 733 147 780 ssu.
165 716 295 782 Fortem
319 735 471 780 vocemus
494 717 584 781 euius
609 739 648 780 ex
671 718 789 781 umeris
812 719 879 802 leo,
1028 736 1080 784 465

93 803 187 870 donum
208 806 336 891 puellae
358 803 477 888 factus,
500 810 532 869 et
554 806 644 869 cleve
667 805 786 869 excidit

92 892 219 978 fulsitque
242 894 367 979 pictum
390 897 478 958 veste
501 891 634 958 Sidonia
655 894 763 958 lutus?

92 980 184 1046 fortem
206 1003 357 1047 vocemus
380 983 472 1046 cuius
494 981 661 1047 horrentes
685 1004 795 1047 comae

94 1070 215 1136 maduere
237 1070 353 1154 nardo,
374 1071 468 1135 leude
492 1072 548 1154 qui
570 1075 664 1135 notes
687 1093 800 1135 munus

94 1158 197 1224 ednon
217 1160 345 1224 virilem
367 1160 515 1243 tympani
538 1161 641 1224 movit
664 1181 792 1245 sonum,
1027 1179 1079 1227 470

94 1247 165 1312 mitre
184 1250 324 1314 ferocem
346 1248 483 1312 barbara
504 1249 643 1312 frontem
667 1250 836 1332 premens?

94 1351 173 1400 enen.
194 1335 271 1402 Non
295 1337 454 1402 erubescit
476 1335 622 1401 Bacchus
646 1337 763 1401 effusos
786 1341 876 1401 tener

95 1427 221 1504 sparsisse
242 1424 347 1490 crines
370 1448 430 1490 neo
452 1448 549 1489 manu
572 1425 664 1490 molli
686 1426 789 1489 levem

95 1511 192 1579 nbrere
213 1513 376 1598 thyrsum,
399 1537 472 1580 oum
495 1537 609 1598 perum
632 1514 710 1577 forti
734 1515 834 1599 gradu

96 1620 151 1665 euro
171 1604 320 1668 decorum
343 1625 451 1686 syrma
473 1603 675 1667 barbaricum
698 1603 810 1667 trehit:
1025 1622 1077 1669 475

95 1693 148 1768 post
166 1693 266 1756 multe
287 1691 390 1756 virtus
414 1712 511 1775 opere
532 1692 635 1755 laxari
658 1692 748 1755 solet.

96 1789 149 1842 ch.
168 1779 238 1845 Hoc
259 1779 378 1863 Euryti
400 1780 520 1844 fatetur
543 1781 645 1844 eversi
668 1780 781 1844 domus

95 1883 282 1953 pecorumque
304 1870 369 1933 ritu
392 1869 555 1954 virginum
579 1870 724 1952 oppressi
748 1891 874 1954 gregem

96 1948 140 2049 hoc
156 1959 241 2022 nulle
263 1956 359 2042 Iunc,
382 1957 491 2022 nullus
513 1957 715 2041 Eurystheus
739 1957 841 2021 iubet:

95 2043 170 2137 ipsius
190 2048 268 2111 haee
286 2052 362 2111 sunt
385 2068 489 2129 opere.
534 2064 641 2110 Auru.
664 2044 741 2110 Non
758 2047 845 2110 nosti
865 2049 985 2110 omnia:
1028 2065 1079 2112 seo

95 2131 169 2209 psius
190 2157 271 2220 opus
295 2139 344 2199 est
367 2135 526 2199 caestibus
548 2135 669 2199 fructus
693 2136 758 2198 suis

95 2212 160 2301 Eryx
180 2228 210 2288 et
231 2223 332 2306 Eryci
354 2224 482 2287 iunctus
505 2221 649 2287 Anteeus
672 2223 785 2306 Libys,

95 2306 179 2393 etqui
198 2311 355 2396 hospitali
377 2312 472 2376 ccede
495 2316 661 2376 manentes
684 2312 750 2376 foci

95 2389 178 2489 tibere
196 2402 318 2466 iustum
342 2401 531 2486 sanguinem
554 2400 726 2484 Busiridie3

95 2485 170 2563 lpsius
191 2511 272 2575 opus
296 2493 345 2554 est
367 2490 493 2554 vulneri
516 2494 549 2553 et
570 2489 655 2553 ferro
678 2490 784 2553 invius
1025 2507 1077 2553 485

94 2579 200 2642 nortem
224 2582 354 2643 coactus
378 2580 503 2664 integer
526 2575 653 2661 Cycnus
677 2580 745 2661 peti

94 2676 135 2725 fleo
151 2688 228 2731 unus
250 2689 316 2730 une
339 2665 467 2750 Geryon
489 2667 593 2732 vietus
617 2690 722 2731 manu.

95 2748 138 2814 esis
156 2755 235 2820 inter
257 2755 337 2819 istos
360 2792 404 2802 —
428 2757 484 2839 qui
507 2759 615 2819 tamen
637 2757 728 2818 nullo
752 2760 863 2837 stupro

92 2832 184 2907 lesere
204 2844 373 2908 thalamos.
420 2861 495 2908 nro.
520 2843 612 2919 Quod
635 2842 706 2907 lovi
728 2843 790 2907 hoc
813 2843 882 2927 regi
904 2843 992 2906 licet:

92 2917 143 2992 Iovi
161 2931 274 2997 dedisti
297 2932 480 3018 coniugem,
502 2934 572 3018 regi
595 2933 700 3015 dubis3
1025 2951 1077 2999 490

92 3015 114 3075 ei
130 3020 156 3083 te
175 3022 331 3106 magistro
353 3043 420 3086 non
442 3044 563 3086 novum
585 3021 648 3085 hoc
671 3020 772 3085 discet
794 3043 907 3103 nurus,

49 3200 51 3239 ἶ
139 3216 186 3266 487
209 3213 346 3267 amictum
367 3214 480 3280 Withof,
503 3213 627 3283 rigidum
651 3213 734 3268 Nolte
761 3217 769 3282 Ν
797 3218 850 3266 474
872 3213 999 3266 uibruese
1022 3226 1050 3279 ψ
1068 3215 1078 3286 {l

89 3277 126 3330 4⁷⁶
139 3281 283 3338 bmberico
301 3285 347 3354 Ep
366 3289 419 3338 476
437 3284 513 3339 volet
531 3286 647 3354 Bentley
667 3287 677 3353 {p
697 3289 748 3337 477
768 3285 821 3338 hoc
840 3284 977 3338 teutontis
996 3284 1077 3353 (Teu-

88 3342 185 3409 huus
202 3355 257 3409 hoo
270 3355 380 3424 Delre‘o)
393 3367 422 3421 ψ
440 3356 474 3421 of.
493 3356 539 3410 Oe.
554 3357 608 3410 her.
623 3355 673 3409 IX
686 3360 719 3408 51
734 3357 744 3424 ΙΙ
757 3359 809 3408 478
828 3356 918 3424 pressi
934 3357 1050 3424 Bentley
1067 3355 1077 3426 i}

88 3419 125 3503 4⁷9
139 3426 208 3497 Lyci
224 3432 293 3481 uota
310 3427 436 3494 praefica
454 3431 494 3494 Σ,
519 3433 638 3482 erasum
665 3428 675 3494 ss
702 3430 753 3478 488
773 3427 942 3494 hospitalem
962 3426 1076 3479 eaedem

87 3499 203 3551 snmus
220 3499 333 3567 311484
353 3496 450 3551 obvius
470 3516 497 3552 ω
517 3515 584 3552 corr.
599 3498 636 3551 N.
652 3497 788 3552 Heinsius
801 3500 810 3567 n
824 3502 876 3550 486
895 3500 1007 3551 coactus
1027 3499 1077 3549 eut

86 3559 143 3626 (enee
158 3570 196 3638 ψ)
216 3567 358 3642 Geryones
376 3568 438 3637 peti
457 3573 493 3620 Δτ
510 3571 586 3638 11490
605 3568 686 3622 debit
703 3568 760 3623 Leo
779 3569 817 3621 ΙΙ
832 3573 885 3623 375

890 3659 928 3714 ⁸2¹5

1107 3710 1139 3760 Ι
