2394 3990
95 205 163 270 422
529 202 679 258 incoari

94 353 253 436 veloxque
276 371 396 416 sensus.
442 350 612 435 coniugem
634 348 794 415 thalamos
817 355 907 417 toros

95 442 213 505 vidisse
235 445 269 505 tc
291 440 418 504 miraris
443 441 593 523 amplexu
615 439 692 504 novi

94 530 229 594 haerens
251 528 382 594 mariti?
406 526 462 593 sed
484 528 724 593 110111111110
747 529 798 592 die

93 617 223 702 pulsata
244 618 361 701 palmis
384 619 516 701 pectora
541 620 573 681 et
595 616 685 681 fusae
709 617 842 682 comae?

94 704 246 771 Octaviae
270 706 403 771 discidia
425 707 620 789 planxerunt
642 727 751 770 sacros

93 796 179 859 inter
201 798 333 879 penates
355 796 465 860 fratris
488 799 522 859 11
543 794 686 878 patrium
708 795 818 860 larem.

92 883 149 947 fax
171 885 241 968 illa,
264 907 361 968 quarn
385 888 494 949 secuta
516 905 564 965 es,
586 881 753 970 Augustae
776 907 875 949 manu

92 972 238 1056 praelata
261 975 382 1037 clarum
405 993 525 1037 110111111
537 972 669 1037 11111111
690 973 753 1037 tibi

92 1065 222 1146 partum
247 1063 417 1126 ominatur.
462 1061 601 1125 inferum
624 1061 715 1126 sedes
738 1065 826 1127 toros

93 1151 225 1215 stabiles
247 1151 374 1216 futuros
397 1150 535 1234 spondet
557 1154 704 1215 aeternae
727 1151 850 1216 domus.

92 1240 206 1324 iugulo
231 1240 318 1324 quod
341 1260 449 1303 ensem
473 1238 618 1304 condidit
640 1239 791 1324 princeps
813 1243 904 1305 tuus:

92 1329 178 1392 bella
200 1327 289 1393 haud
311 1328 466 1412 movebit,
489 1348 568 1412 pace
591 1328 647 1393 sed
668 1328 790 1394 ferrum
813 1333 911 1414 teget.

91 1418 246 1503 recollige
269 1418 426 1500 animum,
449 1418 555 1500 recipe
578 1417 749 1501 laetitiam,
772 1439 894 1502 precor,

91 1507 209 1572 timore
231 1506 326 1590 pulso
349 1507 446 1571 redde
469 1509 501 1570 te
524 1507 676 1571 thalamis
699 1508 775 1572 tuis.

91 1611 170 1658 101.
193 1594 336 1677 Delubra
359 1598 391 1659 et
413 1597 484 1659 aras
506 1599 615 1678 petere
639 1597 793 1661 constitui
815 1617 939 1680 sacras,

92 1684 192 1749 caesis
214 1684 308 1748 litare
330 1685 471 1748 victimis
493 1706 614 1749 numen
636 1686 745 1768 deum,

90 1776 129 1836 ut
152 1773 322 1856 expientur
344 1774 450 1839 noctis
474 1775 506 1837 at
529 1774 635 1838 somni
657 1774 763 1838 minae

90 1865 258 1944 terrorque
281 1861 316 1926 in
337 1860 447 1927 hostes
469 1862 578 1927 redeat
600 1864 757 1928 attonitus
780 1884 877 1927 meos.

91 1953 129 2014 tu
150 1954 227 2015 vota
249 1973 310 2034 pro
332 1973 384 2015 me
408 1951 534 2034 suscipe
557 1955 590 2016 11
612 1952 760 2035 precibus
783 1952 847 2035 piis

91 2061 224 2122 superos
247 2041 358 2123 adora,
380 2045 508 2104 maneat
530 2044 568 2105 ut
589 2062 740 2123 praesens
763 2045 875 2106 status.

509 2250 681 2317 OHORVS

317 2374 353 2440 Si
375 2398 450 2441 vera
472 2377 592 2459 loquax
614 2377 702 2441 fama
719 2377 875 2443 Tonantis

248 2466 335 2530 furta
358 2470 391 2530 et
413 2469 523 2551 gratos
545 2470 654 2530 narrat
676 2488 800 2531 amores

251 2552 361 2642 (quem
384 2555 481 2618 modo
504 2553 609 2618 Ledae
631 2556 784 2638 pressisse
808 2556 915 2621 sinum

247 2647 371 2709 tectum
394 2644 514 2727 plumis
536 2644 714 2727 pennisque
736 2644 858 2729 ferunt,

249 2732 345 2797 modo
368 2732 564 2816 perductus
588 2736 714 2816 raptam
736 2733 891 2817 Europen

248 2825 377 2886 taurum
400 2825 492 2906 tergo
515 2826 660 2904 portasse
682 2820 835 2909 trucem),

249 2931 332 2994 quae
353 2910 438 2995 regit
461 2913 493 2973 et
516 2932 601 2975 nunc
625 2911 749 2976 deseret
771 2916 871 2995 astra,

247 3003 336 3083 petet
359 2997 540 3082 amplexus,
562 2998 726 3084 Poppaea,
749 3003 837 3082 tuos,

248 3109 330 3170 quos
353 3091 386 3151 et
410 3087 514 3152 Ledae
538 3088 696 3171 praeferre
718 3093 827 3173 potest
1056 3108 1104 3157 110

248 3180 280 3240 11
302 3176 377 3260 tibi,
401 3177 562 3260 quondam
586 3177 638 3242 cui
661 3177 792 3242 miranti

158 3353 211 3401 '142
229 3366 312 3419 rogos
330 3355 353 3402 A
371 3367 439 3406 corr.
454 3355 572 3421 1111746
591 3352 709 3406 dissidia
724 3356 843 3423 1111160
861 3355 891 3407 11
909 3355 977 3409 vota
996 3360 1019 3407 A
1038 3373 1104 3412 corr.

88 3420 200 3475 Gronov
221 3422 231 3490 11
254 3426 303 3473 '161
321 3437 453 3489 praesens
472 3425 563 3477 metus
583 3428 606 3475 A
623 3440 692 3478 corr.
706 3425 841 3480 Baetelcr
859 3425 987 3495 (Peipem
1005 3427 1105 3482 suadet

85 3492 119 3544 ut
136 3510 163 3560 p.
178 3494 279 3561 metus)
303 3494 312 3561 ΙΙ
334 3498 387 3546 'toa
405 3493 510 3561 loquax
528 3499 551 3546 A
568 3494 669 3564 loquar
686 3506 714 3561 ψ
741 3497 751 3565 ss
778 3500 831 3549 '164
849 3511 905 3563 qua
924 3501 947 3548 A
966 3500 1106 3569 00111111

85 3566 138 3614 765
157 3562 248 3617 ferum
266 3568 289 3615 A
307 3580 374 3620 corr.
390 3576 418 3630 ψ
432 3567 441 3633 ΙΙ
455 3571 661 3636 'we-europam
679 3578 707 3633 ψ
