2394 3990
410 214 600 269 annonas
620 215 786 288 prauus]

85 357 223 442 ipsaque
246 362 352 423 morte
374 360 466 442 peior
488 363 537 424 est
559 362 673 424 mortis
695 363 794 426 locus.

90 464 195 511 nuru.
220 446 306 522 Quid
329 447 385 512 ille
408 470 509 531 opaca
532 449 589 531 qui
610 450 695 534 regit
718 455 844 533 sceptro
868 453 953 534 loca,

94 556 154 617 qua
176 536 251 600 sede
273 537 400 619 positus
423 540 581 620 temperat
603 539 743 620 populos
765 539 873 603 leves?

97 640 189 688 ruas.
212 623 273 689 Est
295 625 330 688 in
351 646 479 690 recessu
502 624 628 689 Tartari
652 627 788 691 obscuro
811 627 916 708 locus,

101 732 188 794 quem
210 713 363 799 gravibus
386 713 510 777 umbris
533 715 639 796 spissa
661 716 766 801 caligo
791 717 911 802 alligat.
1053 735 1105 783 710

65 880 67 887 Ι
105 800 222 864 afonte
245 801 368 866 discors
391 806 501 866 manat
523 802 600 866 hinc
623 825 688 866 uno
711 805 812 886 latex,

65 902 67 907 '
107 888 174 953 alter
194 890 303 972 quieto
327 890 442 954 simih's
466 887 567 976 (hunc
589 891 698 955 iurant
721 890 786 978 dei)

110 979 215 1042 tacente
238 1000 362 1043 sacram
385 978 545 1043 devehens
568 979 667 1043 fluvio
692 979 806 1066 Styga3

112 1068 137 1128 at
151 1065 200 1131 hic
220 1068 364 1132 tumultu
388 1067 512 1151 rapitur
533 1068 659 1153 ingenti
680 1069 771 1132 ferox

114 1156 137 1216 et
152 1176 221 1218 saxa
242 1155 343 1221 fluctu
366 1156 469 1219 volvit
491 1154 642 1220 Acheron
664 1157 770 1221 invius

114 1244 277 1329 renavigant.
323 1244 466 1329 cingitur
488 1245 610 1328 duplici
632 1246 714 1308 vado

115 1329 221 1396 adversa
243 1331 329 1397 Ditis
352 1334 455 1418 regia,
478 1337 580 1417 atque·
598 1334 711 1418 ingens
735 1334 850 1398 domus

115 1419 258 1485 umbrante
280 1421 356 1487 luco
379 1422 508 1507 tegitur.
553 1421 607 1487 hic
630 1427 721 1486 vasto
745 1445 843 1506 specu

65 1526 72 1557 ι·
115 1509 229 1587 pudent
249 1511 381 1592 tyram
402 1511 528 1592 limina,
551 1510 613 1575 hoc
637 1512 758 1575 umbris
781 1512 854 1594 iter,

116 1591 173 1662 haec
193 1602 287 1682 porta
308 1599 409 1684 regui.
455 1621 587 1682 campus
610 1599 694 1664 hano
717 1601 801 1665 circa
823 1602 919 1683 iacet,
1052 1619 1104 1667 770

115 1680 210 1769 iuquo
233 1688 372 1771 superbo
397 1688 514 1773 digerit
536 1689 629 1751 vultu
652 1689 765 1752 sedens

115 1773 212 1839 animas
234 1779 378 1841 recentes
404 1777 474 1840 dira
496 1777 646 1840 maiestas
670 1778 729 1841 dei.

113 1858 179 1928 frons
199 1869 305 1947 torva,
326 1865 463 1929 fratrum
487 1886 569 1948 quae
592 1869 708 1950 tamen·
723 1867 862 1949 speciem
887 1870 977 1952 gerat

65 1968 73 1995 ⁵
114 1953 257 2037 gentisque
280 1956 402 2037 tautae,
425 1955 534 2017 vultus
557 1957 606 2017 est
628 1954 677 2017 illi
700 1952 801 2037 Iovis,

113 2038 151 2101 nd
168 2042 381 2107 fulminantis:
405 2064 523 2128 magna
545 2064 619 2126 pars
641 2044 734 2128 regni
757 2044 856 2108 trucis
1052 2061 1103 2110 705

114 2130 228 2214 etipse
252 2130 416 2213 dominus,
440 2131 531 2195 cuius
554 2135 702 2214 aspectus
725 2132 818 2196 timet

114 2216 241 2302 quicquid
264 2220 405 2283 timetur.
450 2237 556 2282 ΑΜΡΗ.
580 2218 706 2283 Verane
729 2224 778 2284 est
800 2220 887 2284 fama
909 2221 1019 2285 inferis

114 2303 160 2370 tun
179 2329 249 2373 sora
270 2308 362 2372 reddi
384 2309 454 2372 iura
477 2312 509 2372 et
533 2308 651 2372 oblitos
675 2309 725 2372 sui

65 2412 75 2457 7
113 2394 216 2461 sceleris
237 2400 391 2462 nocentes
414 2396 537 2461 debitas
560 2419 681 2480 poenas
704 2398 800 2461 dare?

115 2482 165 2561 quis
185 2485 244 2549 iste
267 2486 336 2550 veri
357 2488 464 2550 rector
485 2489 582 2568 atque
605 2486 700 2569 aequi
723 2487 863 2550 arbiter?
1049 2504 1102 2551 730

115 2582 189 2637 77700.
218 2571 297 2637 Non
317 2596 402 2639 unus
425 2575 491 2638 alta
514 2576 588 2638 sede
612 2574 775 2658 quaesitor
797 2575 910 2639 sedens
1032 2584 1037 2591 '

115 2654 206 2725 iudicia
228 2662 364 2746 trepidis
387 2685 457 2727 sera
480 2663 614 2727 sortitur
635 2664 706 2727 reis.

116 2744 196 2813 dtur
216 2751 273 2815 illo
299 2750 438 2815 Gnosius
460 2751 568 2816 Minos
591 2752 676 2834 foro,

65 2856 77 2893 e
116 2828 353 2904 Rhadamanthus
376 2841 448 2923 illo,
470 2840 616 2905 Thetidis
638 2841 701 2904 hoc
725 2841 815 2904 audit
838 2863 934 2904 socer.

117 2926 179 3002 quod
199 2929 334 3012 quisque
356 2929 447 3012 fecit,
469 2930 604 3014 patitur3
628 2933 790 2993 auctorem
815 2932 917 2993 scelus
1051 2947 1102 2994 737)

117 3015 205 3095 repetit
226 3038 351 3101 suoque
373 3018 531 3101 premitur
555 3019 701 3101 exemplo
725 3039 857 3081 nocens:

71 3152 78 3165 .
117 3098 163 3165 vidi
180 3108 326 3171 cruentos
350 3127 474 3172 carcere
497 3107 619 3171 includi
642 3106 737 3171 duces

118 3188 331 3277 dispatentia
354 3200 446 3281 terga
467 3196 595 3279 plebeia
618 3219 715 3259 manu
740 3242 741 3246 ,

65 3353 78 3404 n
166 3352 213 3403 ⁸1⁰0
230 3367 341 3405 secessu
359 3356 397 3404 Δτ
414 3355 423 3421 ΙΙ
437 3358 483 3405 711
501 3352 567 3405 hino
585 3350 642 3405 imo
657 3357 693 3403 Δτ
711 3355 720 3420 ΙΙ
734 3352 896 3406 7107--719ι
915 3352 964 3406 det.
981 3353 1081 3420 Perper
1094 3353 1103 3423 Η

119 3414 156 3493 ⁷3!
169 3418 214 3475 deo
226 3427 251 3475 Δ
267 3440 361 3478 onam
377 3424 623 3492 interpunctionem
641 3424 735 3478 docntt
753 3425 809 3479 Leo
829 3426 914 3477 1190
936 3425 945 3492 t!
968 3428 1021 3477 7773
1041 3440 1103 3492 spe-

65 3516 79 3565 9.
120 3496 186 3543 01700
198 3496 245 3546 BA
262 3510 332 3551 corr-
347 3505 375 3560 ψ
389 3497 398 3564 ΙΙ
409 3500 465 3549 ‚tao
484 3496 629 3564 aspectum
644 3500 667 3546 Δ
680 3496 689 3562 ΙΙ
703 3499 755 3547 728
774 3495 869 3548 reddit
887 3501 908 3546 E
922 3497 931 3563 ΙΙ
946 3499 998 3547 tao
1017 3513 1041 3547 v.
1056 3510 1104 3547 ex-

121 3556 177 3612 lttor
190 3562 303 3637 Bentley
315 3566 325 3635 t]
339 3570 391 3619 '188
410 3564 525 3620 auditur
543 3568 655 3635 001704
673 3565 724 3619 hos
743 3571 765 3616 Ε
