2394 3990
538 180 726 236 00000000
1074 183 1143 247 295

122 328 286 393 celebrata
307 327 417 392 iuveni
435 322 555 409 stadia,
578 349 636 410 per
659 348 741 410 quae
763 326 881 391 nobilis

123 418 267 502 palmam
290 419 425 501 paterno
448 436 515 479 non
537 414 637 479 semel
659 435 754 479 curru
777 415 847 479 tuli.
1089 431 1143 480 410

124 508 273 570 occurret
294 502 416 591 Argos,
437 505 579 589 populus
603 507 748 568 occurret
770 503 920 587 frequens
940 541 982 549 -

123 595 182 658 sed
204 614 321 677 nempe
344 596 378 657 et
399 590 526 658 Atreus.
571 596 681 676 repete
703 593 865 657 silvestres
888 593 982 678 fugas

122 681 290 766 saltusque
313 683 428 746 densos
451 681 560 765 potius
583 685 616 745 et
638 681 773 745 mixtam
795 681 872 745 feris

121 770 328 855 similemque
350 770 464 854 vitcm3
488 771 592 834 clarus
614 768 669 833 hic
690 771 783 855 regni
805 770 892 833 nitor

121 858 252 945 fulgore
275 880 341 924 non
364 859 523 942 estquod
546 859 656 923 oculos
679 859 762 923 falso
785 858 921 923 auferat:
1087 874 1141 923 415

122 969 202 1100 ..q
223 949 313 1101 rc
449 947 970 1100 0010101100·

120 1058 492 1209 11111111111001010100111
514 1059 601 1189 nulio
624 1128 735 1189 contra
757 1124 792 1188 in
814 1058 943 1188 mdtus'

120 1214 287 1278 revolvor:
309 1214 435 1278 animus
457 1214 568 1278 haeret
591 1234 628 1277 00
650 1217 736 1279 00100
759 1213 850 1295 cupit

119 1323 242 1386 corpus
264 1302 396 1385 referre,
418 1322 534 1367 moveo
557 1303 721 1367 nolentem
744 1301 888 1388 gradum.
1089 1317 1144 1366 420

193 1460 294 1506 ΤΑΝΤ.
317 1442 416 1529 Pigro
441 1441 533 1530 (quid
551 1444 614 1508 hoc
632 1440 716 1530 0011)
741 1446 868 1530 genitor
886 1447 1013 1509 incessu
1034 1447 1145 1527 stupet

121 1531 315 1615 vultumque
337 1535 443 1597 versat
465 1554 562 1615 seque
585 1532 619 1595 in
641 1532 765 1598 incerto
787 1537 883 1598 tenet.

121 1637 204 1683 ΤΗΥ.
228 1617 325 1703 Quid,
348 1621 467 1703 anime,
488 1619 607 1703 pendes
631 1622 749 1703 quidve
772 1624 943 1687 consilium
967 1621 1022 1685 diu
1106 1678 1111 1685 .

120 1713 191 1787 tam
214 1708 309 1773 facile
332 1708 485 1791 torques?
507 1708 603 1773 rebus
626 1710 862 1793 incertissimis,

120 1797 218 1860 fratri
239 1800 336 1879 atque
358 1818 472 1882 regnu,
495 1796 597 1860 credis
620 1817 658 1860 ac
681 1798 797 1861 metuis
820 1797 905 1861 mala
1088 1812 1142 1861 425

119 1885 190 1948 iam
213 1886 311 1968 ricta,
333 1886 399 1948 iam
421 1888 588 1949 mansueta
611 1887 644 1948 et
666 1907 834 1950 aerumnas
856 1886 943 1971 fugis

121 1974 206 2037 bene
230 1973 423 2038 collocatas?
446 1993 515 2038 esse
536 1973 601 2037 iam
624 1974 776 2038 miserum
799 1975 896 2040 iuvat.

121 2061 252 2126 reflecte
276 2083 434 2147 gressum,
457 2062 534 2126 dum
556 2062 646 2145 licet,
668 2065 765 2146 teque
788 2064 883 2148 eripe.

120 2167 227 2214 TANT.
251 2149 340 2227 Quae
363 2171 458 2214 causa
480 2151 581 2234 cogit,
605 2150 740 2236 genitor,
763 2175 782 2215 a
805 2153 910 2237 patria
932 2153 1067 2238 madum

121 2239 242 2303 referrc
264 2239 355 2303 visa?
378 2260 435 2303 cur
456 2238 550 2303 bonis
573 2240 672 2304 tantis
695 2240 801 2304 sinum
1088 2256 1142 2306 430

120 2327 296 2393 subducis?
319 2329 367 2392 100
388 2327 487 2392 trater
510 2327 634 2392 abiecta
656 2328 739 2393 redit

120 2420 313 2500 partemque
335 2417 428 2501 regni
450 2415 554 2480 reddit
577 2420 609 2480 et
631 2416 753 2482 lacerae
778 2419 892 2482 domus

119 2505 290 2588 componit
312 2509 401 2569 artus
424 2509 519 2587 teque
541 2506 684 2569 restituit
706 2506 775 2570 tibi.

120 2611 203 2657 ΤΗΥ.
228 2592 365 2657 (lausum
387 2593 513 2658 timoris
536 2595 606 2676 ipse
629 2615 726 2677 quam
749 2596 864 2680 ignoro
889 2595 1000 2680 exigis.

120 2681 206 2746 nihil
228 2682 406 2746 timendum
429 2683 536 2765 video,
560 2681 615 2746 sed
638 2683 737 2746 timco
760 2687 878 2748 tamen.
1087 2698 1142 2748 430

120 2771 230 2854 placet
251 2771 311 2854 ire,
333 2771 435 2856 pigris
458 2770 602 2834 membra
625 2771 681 2835 sed
703 2772 839 2856 genibus
862 2772 974 2836 labant

119 2858 252 2942 alioque
275 2881 372 2942 quam
396 2881 460 2943 quo
483 2859 571 2923 nitor
592 2859 749 2925 abductus
771 2861 865 2924 feror.

121 2948 170 3011 sic
193 2949 386 3013 concitatam
408 2949 529 3032 remige
552 2951 585 3012 01
607 2948 679 3012 uelo
702 2952 804 3013 ratem

118 3039 230 3101 aestus
252 3037 403 3102 resistens
426 3036 541 3121 remigi
564 3038 691 3101 etrele
713 3037 818 3102 refert.

176 3179 226 3228 4111
244 3174 398 3244 subnempe
416 3190 440 3229 0.
459 3174 491 3227 Α.
510 3176 622 3243 repetet
637 3182 659 3228 Ε
672 3177 682 3244 ΙΙ
704 3180 752 3228 415
773 3174 822 3244 qui
840 3180 877 3228 Δτ
899 3178 908 3245 ΙΙ
930 3180 979 3229 416
998 3193 1054 3244 quo
1072 3180 1109 3228 At
1135 3177 1138 3247 1

117 3245 238 3300 tandem
264 3250 301 3298 As
319 3262 384 3302 cers.
414 3246 465 3301 0101.
493 3247 601 3315 Peiper,
633 3248 787 3316 antiquitus
814 3264 875 3301 0000
902 3252 966 3315 post
996 3250 1049 3301 441
1079 3265 1141 3303 cum

122 3317 191 3386 Iby.
219 3323 286 3372 nota
309 3319 431 3387 positum
456 3317 543 3384 fuisse
569 3319 727 3385 000001001ον
754 3317 866 3372 Richter
892 3320 902 3387 ΙΙ
928 3322 977 3371 417
1006 3317 1061 3371 1010
1083 3336 1104 3373 τ
1131 3320 1140 3387 lt

117 3392 174 3441 405
197 3387 305 3443 duobus
325 3389 447 3444 00000100
474 3386 664 3456 (fn—credis
689 3391 693 3456 1
719 3403 752 3440 00
770 3405 806 3441 m.
825 3388 952 3458 malam
979 3391 989 3458 11
1015 3394 1068 3441 420
1093 3389 1141 3443 de·

116 3457 203 3513 flecte
220 3461 333 3528 411416
351 3459 403 3513 sub
421 3457 542 3528 genibus
559 3462 669 3527 011438
687 3460 773 3513 uento
792 3461 883 3514 ratem
900 3465 923 3513 A
941 3463 951 3529 {l
968 3465 1021 3513 489
1045 3461 1142 3514 cestus

116 3544 269 3599 resurgens
287 3529 452 3600 01Ιο000ιίςο
471 3531 501 3584 01
518 3547 547 3582 v.
562 3531 634 3584 feret
653 3531 704 3599 (001
721 3530 786 3599 fert)
804 3535 842 3583 Av
