2394 3990
85 190 137 243 XII
488 187 692 241 PRAEFATIO

85 339 272 398 Vedianas
295 359 323 397 n.
344 339 406 398 303
425 331 490 419 (V),
509 357 586 398 anno
607 339 691 397 1393
712 340 856 397 exaratus.
894 336 1032 406 Quorum
1050 339 1102 398 illo

86 447 152 488 cum
176 428 275 487 codice
294 427 500 504 Rehdigerano
521 429 562 485 10
581 427 684 487 eadem
704 427 875 486 vetustioris
898 446 970 502 prae
990 445 1024 486 se
1042 428 1101 487 fert

86 514 210 595 eiiginis
224 517 336 576 indicia
350 510 470 597 (Peiper
482 537 511 592 p.
526 509 624 598 4sq.),
642 517 691 575 hic
706 535 886 591 quamquam
899 517 931 574 in
945 508 1100 576 nonnullis

86 607 194 680 differt,
212 609 313 664 tamen
332 608 362 664 et
379 606 486 664 lacuna
509 607 626 681 saepius
647 608 810 664 memorata
833 605 958 680 aliisque
980 605 1100 664 lacunis

85 697 130 755 ita
149 715 215 755 oum
234 695 327 754 altero
346 696 505 769 conspirat,
523 697 557 752 ut
576 696 685 753 artiore
704 712 752 753 eos
774 694 959 771 cognationis
977 695 1099 754 vinculo

87 788 117 843 et
134 785 213 843 inter
232 802 262 843 se
281 786 398 842 etcum
420 803 435 841 τ
454 785 484 841 et
501 783 581 842 Rro
605 783 775 842 coniunctos
799 800 861 841 esse
883 784 995 858 pateat.
1034 783 1099 843 Hae

87 892 156 949 opes
181 892 198 931 a
221 872 345 947 Peipero
373 872 513 931 collectae
537 875 567 931 et
591 874 676 931 novis
700 871 833 930 codicum
855 871 980 948 Rhodig.
1004 873 1046 931 10
1071 875 1099 932 et

90 964 130 1020 12
160 961 368 1021 collationibus
396 963 500 1020 auctae
528 960 674 1036 quomodo
703 979 721 1018 a
747 980 794 1019 me
822 961 1009 1020 examinatae
1040 963 1099 1020 sint

87 1054 118 1109 et
144 1052 176 1109 in
203 1068 291 1109 usum
320 1067 490 1125 conversae,
516 1048 745 1118 Quaestionibus
775 1050 885 1108 criticis
914 1068 943 1124 p.
967 1051 1098 1108 14-28

88 1139 217 1216 exposui.
255 1139 333 1197 Nam
353 1158 370 1198 a
388 1140 547 1214 specimine
570 1141 603 1197 in
625 1138 818 1214 Peiperianae
842 1139 1099 1198 commentationis

87 1228 249 1304 appendice
277 1229 385 1302 altero,
411 1247 469 1304 quo
492 1228 581 1288 lectio
604 1227 633 1286 A
656 1247 691 1286 ex
714 1227 793 1286 Rro
817 1229 846 1285 et
869 1247 884 1285 τ
907 1229 1099 1286 constituitur

85 1319 118 1376 in
131 1317 258 1377 Hercule
276 1318 404 1391 furente,
421 1317 571 1393 profectus
590 1317 720 1392 primurn
733 1316 874 1375 lectiones
893 1315 1002 1375 codicis
1019 1316 1048 1374 R
1059 1318 1099 1376 10
1137 1322 1140 1329 ’

86 1424 152 1465 cum
185 1406 356 1482 Augustani
385 1408 416 1463 et
442 1405 573 1464 Vadiani
604 1404 780 1464 lectionibus
813 1405 977 1481 composui,
1008 1407 1099 1480 scrip·

87 1496 170 1553 turas
194 1494 302 1553 codicis
326 1494 518 1552 lbevethiani
539 1513 554 1552 e
573 1495 792 1552 commentariis
815 1496 966 1570 excerptas
991 1496 1100 1552 exami-

89 1585 170 1656 navi,
189 1581 293 1641 deinde
311 1585 347 1640 ut
365 1581 493 1656 amplior
509 1583 636 1641 materia
653 1582 764 1642 iudicio
781 1581 902 1641 ferendo
920 1584 1101 1658 suppeteret,

88 1672 189 1731 varias
216 1670 358 1729 lectiones
388 1672 529 1744 quattuor
555 1671 699 1729 librorum
727 1671 762 1730 de
791 1671 898 1746 quibus
925 1689 971 1730 res
1000 1673 1102 1748 agitur

87 1752 117 1841 (r
135 1759 163 1815 V
181 1759 237 1837 Ag.
256 1750 349 1839 R10)
378 1759 410 1816 in
438 1759 603 1818 Troadibus
635 1759 737 1819 fabula
765 1761 936 1836 conspicuas
965 1761 1101 1839 congessi

89 1853 120 1909 et
142 1849 264 1907 lacunas
288 1846 432 1923 quasdam
454 1849 486 1906 in
508 1849 631 1923 reliquis
654 1848 765 1908 fabulis
788 1851 973 1908 occurrentes
996 1849 1045 1908 his
1065 1849 1101 1907 li·

87 1937 149 1996 bris
173 1954 341 1995 communes
364 1928 540 2018 indicavi*),
563 1937 690 2012 denique
714 1937 786 2014 quid
809 1957 844 1996 ex
866 1940 932 1997 tota
953 1938 1010 1997 hac
1034 1956 1101 1997 exa·

89 2025 253 2085 minatione
270 2025 406 2084 effectum
425 2044 487 2085 esse
501 2025 661 2101 videretur,
676 2026 829 2102 explicavi.
863 2025 986 2085 Summa
1000 2030 1102 2086 autem

89 2113 185 2174 omnis
222 2114 487 2193 argumentationis
523 2114 654 2174 breviter
690 2116 902 2190 comprehensa
937 2115 1010 2174 haec
1048 2117 1101 2175 est.

91 2202 240 2272 Quattuor
263 2202 330 2262 illos
350 2203 462 2262 codices
486 2222 559 2279 quos
579 2204 746 2262 examinavi
763 2207 826 2262 tam
845 2205 994 2263 communi
1011 2203 1103 2280 primi

91 2293 230 2352 carminis
254 2291 431 2350 detrimento
456 2311 545 2367 quam
573 2293 700 2351 aliarum
727 2294 902 2352 lacunarum
924 2293 1103 2352 multarum·

90 2399 147 2457 que
175 2379 337 2439 lectionum
362 2382 551 2456 propriarum
580 2399 723 2440 consensu
750 2384 780 2440 et
807 2382 1026 2457 conspiratione
1055 2400 1103 2440 co·

89 2469 241 2546 gnationis
268 2469 484 2528 necessitudine
512 2470 656 2529 contineri
684 2472 797 2529 certum
825 2473 945 2529 estnec
968 2471 1024 2528 ulli
1048 2470 1102 2528 du-

88 2558 231 2616 bitationi
249 2557 416 2616 obnoxium.
448 2557 488 2617 Et
506 2560 649 2633 quoniam
667 2576 767 2618 omnes
787 2558 825 2617 ad
843 2561 989 2637 originem
1006 2560 1102 2619 multo
1133 2597 1135 2603 ·

89 2648 284 2706 vetustiorem
302 2646 450 2705 modernis
468 2645 615 2705 Italorum
632 2647 716 2707 libris
733 2648 884 2722 recedunt,
905 2667 977 2724 prae
996 2651 1103 2708 ceteris

89 2736 189 2796 idonei
213 2739 291 2810 sunt,
315 2735 366 2811 qui
389 2735 568 2795 recensionis
594 2735 791 2812 interpolatae
819 2737 916 2812 qualis
945 2740 1010 2795 erat
1033 2739 1103 2796 anto

91 2828 211 2884 renatas
225 2826 257 2883 in
271 2824 362 2883 Italia
380 2825 497 2884 litteras
512 2825 673 2901 imaginem
692 2827 764 2885 satis
779 2828 915 2885 accurate
929 2825 1103 2902 depingant.

91 2912 228 2972 Redeunt
256 2917 356 2972 autem
384 2931 485 2973 omnes
518 2911 556 2972 ad
583 2915 733 2971 vetustum
765 2914 888 2989 aliquod
920 2916 1104 2990 archetypon

90 3001 187 3060 Italae
211 2999 343 3077 originis,
361 3002 439 3061 unde
462 3002 565 3061 variae
584 3003 761 3078 propagines
784 3021 950 3062 manavere.
986 3003 1104 3062 Harum

91 3109 152 3150 una
175 3089 213 3149 ad
237 3088 378 3148 Trevethi
401 3090 559 3165 exemplar,
584 3088 764 3149 Gallicarum
793 3092 978 3167 quarundam
1000 3092 1103 3151 lectio-

92 3199 165 3239 num
182 3195 242 3237 non
264 3194 386 3252 prorsus
404 3177 544 3253 immune,
567 3178 650 3238 ducit
673 3178 792 3254 eiusque
816 3180 957 3255 subolem,
981 3181 1040 3240 alia
1066 3181 1104 3240 ad

90 3267 331 3344 Rehdigeranum
354 3285 382 3324 n.
400 3269 454 3341 103
473 3286 507 3325 ex
526 3266 610 3325 libris
628 3266 782 3343 utriusque
801 3270 915 3345 generis
934 3269 1104 3347 Augustani

90 3404 276 3415 -Q-——n—
288 3404 304 3411 .-

161 3472 186 3542 *)
210 3471 340 3525 Lacenae
367 3487 393 3539 p.
414 3474 447 3522 ‘lb
469 3468 486 3523 1,
508 3476 540 3523 23
554 3478 619 3526 --26
648 3474 762 3528 notatae
788 3489 845 3527 non
872 3472 1025 3541 Phaedrae,
1054 3475 1106 3530 sed

92 3543 193 3613 Oedipi
212 3542 284 3596 sunt.
