2394 3990
413 203 442 256 L.
458 201 599 256 ANNAEI
618 199 781 256 SENECAE

223 352 255 412 et
278 370 351 413 cum
374 346 462 411 Mors
486 347 587 411 avidis
610 346 730 431 pallida
752 346 902 410 dentibus

221 440 333 522 gentes
357 437 539 500 innumeras
562 436 711 499 manibus
734 435 858 515 intulit,

221 547 285 589 uno
308 528 359 589 tot
381 525 495 608 populi
517 524 638 610 remige
661 526 836 587 transeunt.

289 613 428 677 Evincas
451 614 576 677 utinam
600 613 670 676 iura
691 612 777 675 ferae
801 609 911 698 Stygis

220 702 456 784 Parcarumque
479 702 567 765 colos
592 722 659 764 non
681 701 886 765 revocabiles.

220 791 274 855 hic
297 791 354 874 qui
376 812 432 854 rex
455 790 585 873 populis
609 789 756 873 pluribus
780 789 931 873 imperat,

221 880 306 943 bello
330 900 412 960 cum·
426 882 550 962 peteres
573 875 764 942 Nestoream
787 876 907 961 Pylon,

220 971 327 1032 tecum
351 968 513 1031 conseruit
535 966 703 1050 pestiferas
726 988 840 1030 manus

220 1057 321 1120 telum
344 1056 522 1141 tergemina
546 1055 677 1139 cuspide
699 1055 897 1138 praeferens:

221 1145 335 1229 effugit
357 1145 448 1209 tenui
471 1145 602 1207 vulnere
626 1144 753 1207 saucius

221 1237 252 1298 et
275 1234 389 1297 mortis
412 1233 561 1296 dominus
585 1232 752 1316 pertimuit
775 1233 865 1296 mori.

219 1323 322 1386 fatum
344 1344 458 1406 rumpe
482 1343 593 1402 manu,
616 1321 763 1388 tristibus
786 1320 897 1384 inferis

221 1415 409 1494 prospectus
433 1413 541 1494 pateat
563 1408 645 1473 lucis
669 1412 701 1472 et
723 1409 830 1472 invius

220 1500 313 1562 limes
336 1500 390 1562 det
413 1499 523 1562 faciles
547 1498 587 1561 ad
611 1519 742 1580 superos
766 1498 843 1561 vias.

287 1585 431 1651 immites
454 1587 561 1670 potuit
584 1587 711 1650 flectere
734 1587 882 1650 cantibus

221 1676 407 1740 umbrarum
430 1676 578 1739 dominos
601 1679 633 1738 et
656 1695 749 1758 prece
772 1676 912 1757 supplici

221 1763 381 1847 Orpheus,
404 1763 588 1847 Eurydicen
611 1764 687 1827 dum
709 1763 826 1846 repetit
850 1786 949 1828 suam.

221 1875 302 1936 quae
326 1854 424 1917 silvas
448 1856 480 1917 et
503 1874 577 1916 aves
601 1873 740 1935 saxaque
763 1856 904 1917 traxerat

221 1964 285 2024 ars,
309 1964 389 2025 quae
413 1942 602 2025 praebuerat
624 1940 812 2004 fluminibus
836 1964 956 2024 morae,

221 2032 261 2094 ad
285 2032 375 2094 cuius
399 2030 541 2094 sonitum
565 2030 775 2093 constiterant
798 2031 897 2111 ferae,

221 2120 340 2183 mulcet
363 2141 428 2183 non
452 2119 557 2182 solitis
580 2118 713 2182 vocibus
738 2119 856 2182 inferos

222 2212 253 2272 et
276 2207 379 2271 surdis
402 2210 531 2271 resonat
554 2207 671 2271 clarius
695 2208 729 2269 in
751 2208 841 2270 locis.

222 2296 339 2361 deflent
362 2295 547 2379 Eurydicen
569 2295 735 2358 Threiciae
758 2318 871 2377 nurus,

221 2385 339 2449 deflent
362 2388 394 2448 et
417 2385 558 2448 lacrimis
582 2383 730 2447 difficiles
753 2385 820 2466 dei,

222 2477 254 2537 et
277 2475 333 2556 qui
355 2475 461 2537 fronte
484 2473 581 2536 nimis
605 2473 740 2535 crimina
762 2474 875 2536 tetrica

223 2566 380 2646 quaerunt
404 2583 440 2625 ac
463 2565 585 2625 veteres
609 2562 776 2625 excutiunt
798 2584 869 2625 reos

221 2651 334 2715 flentes
356 2650 540 2733 Eurydicen
563 2651 689 2715 iuridici
712 2650 830 2714 sedent.

221 2741 350 2805 tandem
373 2739 486 2803 mortis
510 2739 556 2802 ait
579 2737 760 2804 ‘vincimur’
784 2739 911 2820 arbiter,

223 2828 332 2892 ‘evade
355 2829 395 2892 ed
418 2849 564 2911 superos,
586 2828 658 2913 lege
680 2832 790 2892 tamen
812 2828 899 2891 data:

222 2920 258 2980 tu
281 2920 355 3001 post
378 2922 469 3003 terga
490 2917 540 2981 tui
563 2937 659 3001 perge
682 2917 743 2979 viri
769 2937 889 2997 comes,

222 3008 259 3068 tu
281 3027 347 3069 non
370 3010 444 3070 ante
466 3010 556 3070 tuam
579 3006 701 3089 respice
725 3006 909 3089 coniugem,

162 3201 210 3249 661
227 3199 336 3266 peteret
354 3203 375 3249 E
398 3199 563 3266 petereutA
586 3214 654 3252 corr.
669 3209 697 3262 ψ
720 3197 754 3262 cf.
773 3197 884 3251 Richter
899 3197 935 3250 K.
957 3198 987 3251 U.
1004 3215 1028 3264 p.

91 3272 143 3322 666
161 3284 259 3337 rumpe
281 3285 314 3322 ac
332 3283 460 3336 rumpere
478 3269 514 3321 161
539 3271 542 3336 1
567 3267 657 3322 tristis
681 3270 709 3320 et
732 3266 828 3320 inferis
848 3272 871 3319 A
898 3270 906 3336 11
936 3273 1032 3321 67166

91 3356 170 3394 suam
189 3343 212 3390 A
238 3340 247 3405 11
275 3344 326 3391 666
344 3345 407 3406 post
424 3344 476 3392 666
491 3342 599 3408 positus
617 3343 640 3390 A
665 3342 668 3408 1
694 3338 901 3406 EurydicemE
926 3342 928 3404 1
952 3339 1033 3392 'Parta

90 3429 175 3464 nurus
195 3411 303 3476 Withof
327 3408 440 3477 Elysiae
454 3412 570 3481 Bentley
598 3411 624 3464 d.
642 3409 810 3464 Eumenides
825 3409 984 3464 Threiciam
1003 3429 1033 3463 nr

91 3485 126 3538 B.
142 3481 264 3538 cebant
281 3482 334 3536 obs.
354 3481 413 3535 crit.
429 3498 458 3550 p.
479 3487 515 3536 16
533 3499 566 3536 cx
587 3482 664 3537 Ouid.
680 3481 717 3535 H.
734 3483 814 3536 X45
832 3483 878 3536 ced
896 3482 930 3546 cf.
948 3482 985 3533 H.
1001 3484 1033 3534 Il

93 3554 286 3620 1614911666
306 3554 334 3605 et
352 3551 424 3605 vade
441 3558 478 3604 Av
500 3551 511 3604 i
529 3552 600 3606 vade
619 3555 735 3623 Bentley
755 3554 812 3618 (Tr.
831 3556 895 3610 791)
