2394 3990
124 206 186 271 138
445 206 474 258 L.
489 204 631 258 ANNAEI
648 202 811 258 SENECAE

122 353 201 417 bene
225 356 287 434 est,
309 353 444 432 tenetur,
467 350 592 414 vulneri
613 350 720 433 patuit
741 351 840 415 locus.
860 388 905 397 —

122 463 270 526 suprema
293 444 377 504 certe
399 440 495 503 liceat
518 439 688 503 absuntam
710 440 802 523 loqui

121 530 284 611 mandata,
307 529 402 592 liceat
424 528 575 592 ultimum
599 529 781 611 amplexum
805 529 892 593 dare:

122 623 249 706 gratum
273 621 322 683 est
344 621 377 681 et
398 616 486 681 illud
532 638 610 681 voce
632 618 697 681 iam
720 621 862 682 extrema
884 622 974 703 peto,

121 730 176 790 ne,
199 708 227 772 si
251 729 313 791 qua
335 709 445 770 noster
468 706 584 771 dubins
608 706 721 770 effudit
744 706 845 788 dolor,

122 800 273 861 maneant
295 797 329 859 in
351 796 459 859 animo
482 795 591 859 verba:
615 795 756 859 melioris
779 795 841 860 tibi

123 886 278 950 memoria
300 885 403 948 nostri
425 883 546 967 sedeat3
568 882 648 948 haec
670 884 735 948 irae
759 884 834 949 data

124 975 356 1039 oblitterentur.
402 989 465 1037 IAS.
489 970 605 1037 Omnia
627 994 666 1037 ex
689 973 796 1037 animo
820 973 930 1057 expuli

123 1085 298 1148 precorque
321 1067 354 1127 et
376 1063 458 1146 ipse,
480 1061 636 1125 fervidam
659 1066 696 1127 ut
717 1066 857 1127 mentam
882 1084 975 1149 regas

123 1153 311 1237 placideque
333 1155 463 1220 tractes:
486 1151 629 1215 miserias
651 1151 732 1215 lenit
756 1151 854 1234 quies.

191 1348 275 1394 nnn.
298 1329 462 1394 Discessit.
504 1329 589 1392 itane
613 1328 683 1393 est?
706 1328 795 1392 vadis
819 1328 939 1393 oblitus
963 1330 1025 1394 mei
1086 1346 1138 1395 560

124 1424 157 1484 et
179 1423 230 1483 tot
252 1441 395 1483 meorum
418 1417 620 1482 facinorum?
642 1417 818 1482 excidimus
841 1418 925 1483 tibi?

124 1531 300 1592 numquam
324 1508 513 1571 excidemus.
558 1506 621 1570 hoe
644 1529 718 1592 age,
742 1508 846 1572 omnis
870 1507 992 1573 advoca

125 1599 208 1661 vires
232 1601 264 1661 et
286 1600 378 1660 artes.
423 1596 547 1660 fructus
571 1599 619 1660 est
641 1597 797 1660 scelerum
820 1596 882 1661 tibi

125 1688 251 1751 nullum
275 1686 378 1749 scelus
401 1688 521 1768 putare.
567 1685 622 1748 vix
644 1684 750 1749 fraudi
772 1689 821 1749 est
843 1686 948 1750 locus:

125 1776 284 1839 timemur.
330 1774 391 1838 hac
413 1773 599 1859 aggredere,
622 1795 686 1856 qua
707 1794 801 1837 nemo
825 1777 933 1858 potest

128 1865 299 1948 quicquam
322 1863 443 1927 timere.
488 1883 600 1947 perge,
623 1882 709 1926 nunc
732 1861 825 1946 aude,
849 1862 955 1947 incipe

128 1952 280 2037 quicquid
303 1954 411 2036 potest
433 1951 558 2034 Medea,
582 1951 736 2035 quicquid
758 1972 824 2016 non
846 1955 962 2036 potest.

193 2041 256 2124 Tu,
278 2040 344 2104 fida'
364 2041 487 2123 nutrix,
510 2040 598 2106 socia
619 2040 773 2105 maeroris
797 2041 860 2105 mei
1016 2058 1022 2066 ·

127 2132 270 2213 variique
294 2151 398 2211 casus,
421 2130 537 2193 misera
560 2129 694 2194 consilia
717 2129 840 2193 adiuva.

127 2225 176 2284 est
198 2220 285 2303 palla
306 2218 414 2301 nobis,
437 2240 553 2282 munus
577 2217 767 2301 aetherium,
791 2218 904 2282 demus

128 2309 287 2392 decusque
309 2308 414 2392 regni,
436 2307 555 2392 pignus
577 2305 696 2371 Aeetae
720 2306 830 2371 datum

127 2421 147 2462 a
170 2396 244 2462 Sole
268 2397 405 2482 generis,
429 2401 478 2461 est
500 2400 533 2461 et
555 2417 633 2459 auro
656 2396 762 2460 textili

127 2488 247 2551 monile
269 2486 396 2571 fulgens
421 2486 569 2569 quodque
593 2506 791 2571 gemmarum
813 2485 900 2549 nitor

128 2576 299 2661 distinguit
322 2596 449 2658 aurum,
471 2595 535 2657 quo
559 2575 664 2639 solent
687 2573 774 2659 cingi
797 2593 916 2638 comae.

128 2665 207 2730 haec
228 2668 339 2729 nostra
360 2664 429 2728 nati
453 2663 536 2727 dona
558 2663 693 2727 nubenti
715 2663 832 2745 ferant,

129 2755 183 2818 sed
207 2758 281 2818 ante
305 2753 381 2817 diris
404 2752 498 2816 inlita
521 2774 559 2817 ac
581 2752 682 2816 tincta
705 2751 835 2816 artibus.

128 2848 259 2909 vocetur
281 2841 411 2907 Hecate.
457 2863 547 2906 sacra
568 2840 687 2906 letifica
710 2863 842 2925 appara:

129 2935 310 2996 statuantur
333 2953 418 3013 arae,
442 2930 572 2994 flamma
594 2930 659 2994 iam
681 2930 775 2995 tectis
799 2933 899 2995 sonet.

200 3128 252 3175 554
270 3138 306 3176 ne
325 3139 381 3190 que
400 3123 424 3177 si
442 3127 479 3176 Δῑ
504 3124 514 3192 l
540 3127 592 3175 555
610 3121 710 3176 melior
728 3121 788 3192 (sed
805 3140 842 3176 m.
861 3124 941 3192 ψ)Δ
968 3123 978 3192 l
1006 3126 1058 3175 556
1078 3121 1144 3175 sub-

129 3197 177 3248 eat
195 3200 218 3246 A
244 3196 254 3263 ΙΙ
282 3198 333 3246 556
352 3193 415 3264 ipsa
433 3206 461 3261 ψ
488 3197 497 3264 ΙΙ
525 3199 578 3247 567
596 3193 708 3248 excides
726 3193 921 3263 1716666666
947 3196 958 3264 ΙΙ
985 3197 1038 3247 566
1056 3208 1144 3263 perge

129 3282 216 3332 nunc,
245 3265 317 3318 aude
345 3265 402 3321 Leo
433 3267 442 3334 l
475 3271 526 3318 567
554 3267 635 3335 potes
654 3296 687 3304 —
706 3268 786 3334 potes
814 3269 837 3318 Δ
861 3268 866 3336 Ι
890 3265 991 3320 Medea
1019 3282 1069 3320 em.
1095 3266 1145 3333 ΕΙ

130 3342 182 3389 576
202 3337 330 3391 aetheree
349 3342 372 3388 Δ
398 3339 408 3406 n
436 3341 484 3389 571
503 3338 606 3392 666616
630 3338 692 3391 oete
710 3341 733 3390 Δ
751 3354 819 3392 corr.
835 3356 857 3392 α
879 3339 889 3406 l
912 3341 964 3390 577
983 3351 1007 3390 6.
1024 3335 1050 3389 S.
1066 3352 1144 3406 gem·

129 3408 183 3462 mis
201 3420 229 3475 ψ
260 3410 269 3477 ΙΙ
299 3412 352 3532 ῗ76
372 3407 476 3475 quique
495 3409 527 3462 ci.
550 3409 672 3477 Gronov,
691 3409 808 3478 Bentley
838 3410 848 3478 [Ι
880 3406 1075 3462 5771666666
1095 3410 1146 3478 Al

130 3485 182 3532 576
202 3482 298 3534 struan
313 3496 345 3532 ur
363 3483 386 3529 Δ
