2376 3984
83 216 198 272 XXXIV
486 215 691 270 PRAEFATIO

244 386 261 423 s
285 370 315 426 et
336 369 430 426 mixta
453 366 543 426 adoro
566 365 674 426 Lesbia
696 386 764 426 eum
786 367 890 443 thymo
912 386 931 421 s

243 457 363 516 ducitur
385 474 493 534 magno
515 474 594 514 nova
616 459 711 532 nupta
733 457 816 516 eaelo

246 563 262 600 e
285 545 414 605 solemne
437 545 571 606 Phoebus
595 563 713 604 earmeu
736 564 754 600 s

245 636 348 693 cantat
369 634 475 693 infusis
497 634 621 694 humero
644 635 776 710 oapillis3

171 735 223 784 000
247 724 378 784 concutit
400 723 503 782 taedas
526 723 661 800 geminus
685 722 800 799 Cupido

245 813 380 889 Iuppiter
402 813 496 871 telum
518 814 618 888 posuit
641 829 658 866 s
680 815 801 890 igneum
823 850 825 854 -
855 851 857 854 >

171 913 223 962 003
247 902 311 962 odit
334 904 364 961 et
386 901 504 960 Baccho
527 903 664 960 veniente
686 901 799 961 fulmen

90 992 153 1050 648
162 1010 184 1051 s.
208 992 288 1069 agite
311 991 425 1050 exulem
448 1011 475 1067 q.
499 990 519 1047 f.
544 1010 571 1066 g.
595 991 693 1050 solum
714 991 863 1066 relinquet
882 985 890 1069 Ι
909 990 973 1049 688
997 990 1067 1051 facil

89 1081 255 1157 exemplum
278 1082 321 1155 ut,
344 1098 450 1156 sequor
470 1073 474 1157 Ι
497 1081 558 1138 702
583 1079 707 1138 dubium
730 1082 818 1154 putat

507 1169 680 1227 709-737

246 1257 314 1317 Non
337 1260 371 1316 tu
396 1303 557 1316 ......

174 1358 225 1407 710
247 1348 340 1406 tantis
364 1365 453 1405 eausa
475 1346 624 1421 perieulis,

246 1455 305 1495 nou
327 1435 401 1494 haee
423 1434 608 1494 Labdacidas
632 1436 740 1511 petunt

247 1525 320 1598 fata,
343 1524 394 1582 sed
418 1569 424 1580 .
449 1569 454 1581 .
478 1526 590 1582 veteres
614 1523 736 1583 deorum

247 1615 309 1672 irae
333 1615 484 1672 secuntur:
508 1611 672 1672 Castalium
695 1631 798 1672 nemus

247 1701 384 1760 umbram
407 1699 528 1760 Sidonio
550 1701 689 1777 praebuit
710 1701 822 1778 hospiti

247 1791 324 1849 lavit
346 1792 376 1848 et
398 1790 486 1849 Dirae
509 1790 614 1866 Tyrios
638 1791 765 1865 colonos,

175 1891 225 1939 715
249 1882 283 1938 ut
305 1881 436 1954 primum
459 1881 588 1957 *magni
610 1883 698 1940 natus
721 1879 876 1958 Agenoris,

249 1970 344 2028 fessus
367 1986 420 2043 per
442 1968 543 2028 orbem
565 1970 647 2027 furta
669 1971 753 2044 sequi
775 1969 856 2028 Iouis

194 2097 200 2112 .
249 2056 303 2117 sub
326 2061 429 2117 nostra
450 2056 577 2133 pauidus
600 2059 736 2117 constitit
759 2058 862 2118 arbore

249 2146 427 2223 praedonem
449 2165 591 2205 venerans
615 2165 708 2204 suum.

252 2279 381 2292 .....
404 2238 578 2312 monituque
600 2235 712 2295 Phoebi

176 2335 228 2384 720
250 2325 347 2382 iussus
371 2325 482 2382 erranti
506 2342 601 2383 eomes
624 2323 668 2382 iro
691 2342 807 2399 vaceae,

250 2413 371 2471 flexerat
394 2432 485 2489 quam
505 2432 566 2472 non
590 2457 751 2471 ......

251 2520 352 2561 vomer
375 2503 428 2559 aut
450 2502 530 2560 tardi
552 2504 624 2580 iuga
647 2521 737 2561 eurva
760 2503 889 2579 plaustri

250 2591 452 2666 inauspicatos
476 2591 605 2649 deseruit
627 2591 714 2669 fugas

250 2698 415 2755 nomenque
439 2681 520 2756 genti
544 2680 579 2739 de
601 2679 676 2739 bove
698 2680 832 2738 tradidit.

252 2769 395 2844 Tempore
418 2785 455 2826 ex
477 2768 530 2827 illo
553 2788 631 2828 nova
653 2772 787 2828 monstra
809 2787 924 2845 semper

177 2869 228 2917 725
251 2859 378 2934 protulit
400 2858 488 2916 tellus
513 2903 674 2915 ......

252 2950 305 3006 aut
328 2947 433 3024 anguis
456 2948 524 3005 imis
547 2946 675 3006 vallibus
699 2947 797 3006 editus

253 3054 364 3094 annosa
387 3054 477 3111 supra
498 3034 605 3095 robora
627 3035 730 3095 sibilat

253 3141 400 3199 supraque
423 3125 510 3199 pinus
535 3169 695 3183 ......

240 3213 346 3270 'erexit
370 3259 375 3268 .
401 3259 406 3269 .
431 3214 598 3273 caeruleum
621 3216 712 3288 eaput

253 3319 343 3377 supra
366 3300 512 3362 Chaonias
536 3303 641 3361 celsior
664 3303 791 3377 arborea

180 3400 230 3449 730
254 3409 322 3449 oum
344 3391 455 3449 maiore
479 3395 526 3450 sui
548 3395 634 3468 parte
656 3393 853 3465 recumberet3

253 3482 307 3537 aut
328 3480 390 3537 feta
413 3481 501 3540 tellus
526 3526 686 3541 ......

253 3568 349 3644 Impio
373 3572 462 3644 partu
485 3615 647 3627 ......
