2394 3990
133 221 197 286 150
455 221 485 274 L.
500 219 641 274 Annum
659 218 823 275 SENECAE

132 384 233 431 cnon.
252 366 322 443 Qua
340 366 451 430 fraude
468 366 575 449 capti?
612 382 717 429 nvnr.
736 363 807 440 Qua
824 366 930 429 solent
947 387 1040 451 reges
1061 367 1148 450 capi:

132 457 232 520 donis.
280 473 381 520 cnon.
404 453 530 518 [uillis
554 477 622 518 esse
646 455 718 537 quis
741 454 849 537 potuit
872 453 988 519 dolus?

130 563 235 609 NVNT.
259 545 304 609 Et
327 546 395 629 ipse
418 544 518 608 miror
539 544 657 626 vixque
673 544 744 607 iam
766 543 963 607 facto‘malo

131 635 275 718 potuisse
298 635 367 698 fieri
391 633 492 698 credo.
540 649 640 696 cnon.
664 631 743 708 Quis
766 631 866 697 cladis
889 633 1026 697 modus?

132 741 236 786 nvnr.
259 721 382 787 Avidus
406 745 463 806 per
486 720 614 786 omnem
636 721 743 807 regiae
766 724 890 805 partem
913 720 994 785 furit
1095 737 1147 786 888

130 816 168 876 ut
191 813 296 876 iussus
320 813 416 898 ignis:
441 813 504 875 iam
528 812 641 874 domus
664 814 734 874 tota
757 810 888 892 occidit,

131 901 204 965 urbi
227 902 366 965 timetur.
413 917 513 964 cnon.
537 899 632 964 Vnda
654 899 799 962 flammas
824 899 996 983 opprimat.

132 1008 236 1054 nvnr.
260 989 305 1054 Et
327 990 389 1054 hoc
412 991 446 1053 in
468 990 531 1053 ista
554 989 643 1054 clade
666 988 847 1052 mirandum
871 987 1003 1053 accidit:

132 1079 191 1143 alit
212 1079 299 1142 unda
320 1080 479 1161 flammas,
503 1100 630 1161 quoque
652 1076 843 1160 prohibetur
865 1077 982 1163 magis,

133 1169 236 1253 magis
260 1169 348 1232 ardet
370 1168 468 1254 ignis:
493 1168 563 1251 ipsa
586 1167 743 1250 praesidia
767 1170 911 1250 occupat.
1096 1182 1147 1231 890

90 1371 94 1378 ·
199 1364 303 1410 nvnc.
326 1345 416 1409 Effer
439 1345 572 1408 citatum
596 1345 669 1408 sede
692 1343 832 1428 Pelopea
855 1344 1006 1428 gradum,

133 1435 258 1518 Medea,
282 1455 434 1518 praeceps
459 1434 618 1517 quaslibet
640 1437 740 1497 terras
763 1436 845 1517 pete.

133 1542 217 1588 nnn.
241 1523 354 1609 Egone
377 1527 415 1586 ut
436 1522 603 1586 recedam?
627 1523 655 1585 si
677 1522 893 1607 profugissem
916 1522 1022 1606 prius,

133 1615 173 1677 ad
196 1614 258 1678 hoc
280 1613 425 1676 redirem.
470 1611 600 1695 nuptias
625 1614 733 1694 specto
757 1631 866 1675 novas.

47 1728 53 1755 ι
133 1702 224 1786 quid,
248 1702 367 1784 anime,
390 1701 515 1764 cessas?
540 1722 670 1783 sequere
693 1700 820 1764 felicem
843 1701 1010 1783 impetum.
1096 1713 1146 1762 898

132 1813 207 1874 pars
230 1791 362 1854 ultionis
384 1790 460 1872 ista,
484 1811 547 1872 qua
570 1789 703 1874 gaudes,
728 1791 826 1871 quota
849 1790 919 1852 est?

132 1902 221 1944 amas
245 1879 361 1962 adhuc,
384 1879 519 1960 furiosa,
542 1878 570 1942 si
593 1878 670 1941 satis
694 1878 826 1941 esttibi

133 1969 257 2034 caelebs
280 1967 383 2031 lason.
429 1990 545 2051 quaere
568 1989 744 2050 poenarum
767 1988 868 2051 genus

133 2057 213 2122 haut
236 2058 390 2121 usitatum
413 2057 542 2139 iamque
565 2058 611 2120 sio
633 2058 734 2120 temet
755 2077 845 2138 para:

133 2148 182 2210 fas
207 2169 301 2210 omne
325 2146 428 2229 cedat,
452 2146 545 2209 abeat
568 2146 720 2228 expulsus
743 2145 859 2229 pudor3
1098 2157 1146 2207 900

134 2236 277 2300 vindicta
299 2236 380 2299 levis
404 2240 452 2298 est
476 2257 571 2317 quam
594 2235 702 2298 ferunt
725 2255 823 2317 purae
846 2255 969 2297 manus.

135 2325 285 2389 incumbe
309 2326 343 2387 in
365 2325 428 2388 iras
451 2327 546 2406 teque
569 2324 776 2409 languentem
800 2322 903 2386 excita

135 2414 328 2497 penitusque
350 2416 472 2477 veteres
496 2416 624 2496 pectore
648 2413 775 2476 eximo
799 2412 938 2494 impetus

136 2504 293 2567 violenter
314 2501 415 2566 hauri.
462 2502 613 2585 quicquid
636 2501 811 2565 admissum
835 2503 883 2563 est
906 2499 1025 2582 adhue,
1113 2546 1116 2551 >

136 2593 239 2676 pietas
261 2597 400 2656 vocetur.
445 2591 508 2655 hoc
531 2612 625 2676 agam
649 2594 681 2654 et
702 2591 777 2653 faxo
801 2591 903 2654 sciant
1097 2603 1147 2652 908

137 2704 233 2765 quam
256 2682 339 2745 levia
361 2681 481 2744 fuerint
504 2701 663 2763 quamque
686 2678 828 2763 vulgaris
851 2680 946 2741 notae

136 2793 217 2853 quae
241 2769 443 2834 commodavi
465 2770 591 2833 scelera.
637 2768 775 2852 prolusit
798 2767 890 2830 dolor

136 2882 193 2942 per
214 2860 277 2923 ista
299 2863 420 2923 noster:
445 2857 521 2940 quid
544 2880 658 2922 manus
681 2860 830 2941 poterant
852 2855 946 2919 rudes

136 2948 251 3012 audere
274 2948 449 3034 magnum?
474 2946 551 3030 quid
574 2947 726 3031 puellaris
748 2945 859 3010 furor?

136 3035 248 3100 Medea
270 3058 356 3100 nunc
380 3059 464 3120 sum3
488 3037 588 3101 crevit
610 3037 777 3121 ingenium
803 3035 901 3099 malis.
1098 3048 1149 3106 910

209 3234 262 3281 888
280 3234 351 3283 totas
369 3230 448 3283 choro
467 3229 551 3283 datur
569 3234 590 3281 Ε
613 3230 622 3298 ΙΙ
650 3232 702 3281 884
721 3244 766 3295 qu.
783 3227 815 3280 cl.
831 3245 867 3280 m.
885 3227 987 3282 acatio
1005 3226 1150 3282 0098880008

136 3299 193 3353 Leo
207 3301 216 3368 ll
231 3305 281 3352 886
300 3299 431 3353 inmissus
450 3300 524 3369 ignis
545 3301 655 3356 Gronov
669 3301 678 3368 ΙΙ
692 3298 840 3352 8888880·
858 3315 909 3353 om.
923 3309 951 3364 ψ
972 3298 1038 3368 (Ay.
1059 3297 1123 3364 Vd.)
1140 3298 1150 3366 Ι

138 3375 186 3422 891
200 3389 275 3424 0000.
291 3376 372 3425 omn
386 3373 395 3440 l
411 3377 461 3424 887
476 3370 580 3425 furiose
590 3372 647 3426 Leo
658 3371 728 3438 (coll.
739 3373 815 3437 904),
824 3371 941 3440 Bentley
955 3371 964 3438 ΙΙ
980 3374 1032 3422 889
1046 3369 1150 3423 haustu

138 3441 255 3494 citatum
269 3448 289 3494 Ε
304 3443 313 3510 ll
327 3447 376 3494 801
390 3458 494 3511 paruae
507 3444 665 3511 00000811
679 3447 731 3495 804
745 3441 915 3495 violentus!
929 3439 1084 3494 violentius
1097 3440 1151 3494 Alf)

136 3530 205 3568 corr.
221 3513 332 3568 Richter
347 3515 351 3582 Ι
368 3514 441 3566 adm.
457 3513 549 3566 adhuc
568 3515 651 3567 estE
682 3514 691 3582 ΙΙ
723 3518 775 3565 808
795 3528 848 3583 cgs
867 3514 896 3566 et
913 3510 979 3566 faxo
999 3529 1027 3566 ω
1050 3526 1104 3581 age
1123 3513 1151 3565 ct

136 3583 209 3638 faxis
228 3586 293 3653 Leo,
312 3602 380 3640 corr.
395 3585 506 3639 Richter
