2394 3990
519 118 672 173 ouDIva

111 262 237 347 interque
258 267 353 329 natos
376 262 520 328 Tantalis
543 263 672 327 tandem
696 285 771 327 suos

109 354 166 417 tute
187 353 323 436 superba
344 352 408 416 fert
431 355 528 436 ceput
549 351 636 415 fastu
659 373 756 437 greve

106 444 132 505 et
149 445 293 505 numerat
315 440 453 505 umbras.
498 440 590 523 peior
611 441 672 504 hee
695 442 841 525 genetrix
864 441 954 506 adest
1052 459 1104 507 615

102 528 262 593 furibunda
280 527 407 614 Agaue,
429 531 500 593 tota
522 550 619 611 quam
642 529 787 611 sequitur
809 552 923 594 manus

43 644 46 707 ζ
100 619 210 700 partite
231 639 355 703 regem:
379 617 525 699 sequitur
547 620 579 680 et
601 615 745 682 Bacchas
768 619 855 682 laeer

97 704 252 771 Pentheus
274 710 426 789 tenetque
449 727 562 769 saevus
585 706 683 769 etiam
705 727 791 770 nune
813 707 925 771 minas.

96 795 219 859 tandem
243 797 375 858 vocatus
399 815 493 877 saepe
516 793 739 877 pudibundum
763 796 880 858 extulit

95 886 187 967 eaput
210 886 310 965 atque
332 882 373 946 ab
397 883 486 946 omni
508 882 640 946 dissidet
662 883 757 946 turba
780 885 893 967 procul

92 972 237 1054 eelatque
261 975 361 1035 semet
384 967 499 1057 (instet
522 973 554 1034 et
577 968 706 1056 Stygias
729 993 840 1054 preces

90 1060 244 1213 666666
259 1058 544 1234 widin&
565 1059 904 1212 {idithim

90 1237 181 1301 stetit
203 1169 267 1319 ped)
286 1240 375 1300 artus
397 1236 553 1321 sanguiue
576 1236 677 1300 effuso
700 1236 863 1320 horridus,

87 1325 227 1409 paedore
249 1324 345 1388 foedo
369 1324 548 1407 squalidam
572 1324 719 1388 obtectus
743 1345 881 1409 eomam,

90 1418 122 1479 et
145 1433 202 1478 ore
225 1412 339 1477 rabido
361 1412 461 1477 fatur:
485 1411 524 1476 ‘0
548 1410 661 1476 Cadmi
684 1413 792 1498 effera,

88 1523 202 1567 eruore
226 1522 352 1584 semper
373 1502 458 1566 laeta
481 1504 619 1586 cognato
643 1501 770 1585 demus,

88 1590 216 1654 vibrate
238 1588 382 1673 thyrsos,
405 1589 520 1653 enthea
543 1594 659 1674 gnatos
682 1612 779 1653 manu

88 1678 228 1743 leeerate
250 1678 423 1761 potius-
440 1679 617 1742 maximum
641 1678 760 1742 Thebis
783 1681 885 1744 scelus

87 1772 255 1831 maternus
279 1787 369 1830 amor
393 1769 449 1830 est.
494 1767 611 1849 patria,
633 1787 699 1830 non
722 1768 770 1830 ira
793 1767 900 1850 deum,

89 1855 145 1919 sed
169 1855 289 1919 scelere
312 1855 447 1937 raperis:
469 1876 535 1918 nen
558 1855 648 1940 gravi
671 1855 752 1918 flatu
774 1856 835 1919 tibi

87 1944 252 2009 luctificus
270 1941 391 2007 Auster
411 1964 471 2008 nee
494 1965 608 2026 parum
631 1945 743 2026 pluvio
766 1945 893 2008 aethere

88 2032 208 2097 satiata
229 2030 327 2095 tellus
350 2032 453 2095 halitu
477 2032 561 2095 sieeo
585 2035 693 2115 nocet,

88 2120 144 2185 sed
168 2142 227 2185 rex
249 2124 413 2203 eruentus,
435 2121 540 2203 pretia
562 2121 618 2202 qui
642 2141 753 2184 saevae
776 2123 862 2185 neeis

88 2213 218 2292 sceptra
241 2212 273 2272 et
295 2207 449 2272 nefandos
473 2211 608 2291 oeeupat
630 2209 791 2273 thalamos
815 2211 916 2293 patris
1053 2227 1106 2275 636

86 2298 222 2384 egitque
244 2297 280 2359 in
302 2300 391 2361 ortus
414 2301 515 2361 semet
537 2301 570 2360 et
592 2297 688 2360 matri
710 2297 828 2380 impios
1053 2316 1104 2364 636

87 2386 176 2451 fetus
198 2385 350 2470 regessit,
372 2385 505 2468 quique,
528 2384 583 2448 vix
605 2407 677 2449 mos
700 2389 749 2448 est
771 2386 861 2462 feris,

86 2475 205 2539 fratres
228 2472 291 2538 sibi
312 2472 382 2557 ipse
405 2473 517 2559 genuit
534 2512 579 2519 —
596 2473 790 2556 implicitum
814 2476 935 2538 malum
1051 2493 1103 2540 646

87 2562 259 2648 magisque
282 2565 462 2626 monstrum
485 2560 629 2648 Sphinge
652 2564 840 2645 perplexum
864 2585 929 2627 sua.

88 2650 196 2715 invisa
217 2651 340 2734 proles:
363 2651 418 2715 sed
440 2654 549 2714 tamen
571 2651 662 2734 peior
684 2672 799 2734 parens
1054 2668 1106 2717 636

89 2760 189 2822 quam
213 2742 342 2824 gnatus,
365 2743 458 2804 utero
480 2760 590 2803 rursus
614 2739 755 2802 infauste
779 2740 893 2825 gravis.
1053 2756 1104 2805 637

87 2832 136 2910 te,
160 2830 193 2891 te
217 2829 347 2890 eruenta
370 2831 495 2910 sceptra
519 2828 574 2911 qui
597 2827 709 2891 dextra
733 2830 830 2912 geris,
1054 2845 1106 2892 646

87 2920 122 2980 te
145 2918 239 3000 pater
261 2915 384 2979 inultus
407 2915 486 2980 urbe
509 2936 582 2979 eum
605 2919 675 2980 tota
697 2920 806 2999 petam

163 3110 214 3160 614
283 3105 353 3159 vid
379 3109 389 3176 ΙΙ
419 3112 466 3160 616
485 3107 566 3176 peior
583 3123 616 3162 ae
635 3111 671 3159 Δτ
698 3108 707 3176 [1
734 3113 781 3161 617
801 3107 943 3161 Bacchum
961 3123 1040 3161 sacer
1059 3128 1080 3162 α
1099 3112 1107 3178 ΙΙ

90 3182 141 3232 ue
158 3176 230 3247 pudi
290 3177 343 3231 dus
361 3180 492 3247 6711664
510 3178 645 3247 stetitque
664 3183 700 3231 Δτ
720 3181 724 3247 1
740 3178 868 3232 horridos
887 3179 925 3232 N.
943 3177 1081 3234 Heiusiue

90 3252 144 3303 666
162 3246 297 3303 obtentus
315 3265 344 3303 ω
362 3264 430 3304 corr.
445 3266 465 3303 τ
496 3252 506 3319 d
537 3254 589 3302 628
609 3249 732 3318 penthea
749 3256 771 3301 Ε
795 3249 897 3303 ethnea
916 3254 953 3302 Δτ
975 3266 1042 3304 corr.
1059 3269 1080 3303 α

90 3322 146 3373 666
163 3321 350 3373 macerate}
382 3322 392 3389 u
424 3324 476 3373 664
499 3320 648 3388 premiad
679 3323 689 3389 ΙΙ
720 3325 781 3374 666.
792 3325 843 3373 667
865 3328 928 3388 post
945 3325 994 3374 641
1013 3322 1109 3388 posuit

90 3390 205 3447 Bauer
220 3389 305 3461 symb.
316 3406 346 3459 p.
360 3393 444 3460 29sq.
458 3392 468 3461 fl
482 3395 533 3444 667
552 3391 660 3446 incesto
679 3393 819 3462 Bentleyt,
838 3397 890 3445 666
908 3407 960 3445 nee
979 3408 1038 3444 mes
1058 3396 1080 3442 Δ
1098 3391 1108 3461 d

90 3466 141 3515 641
159 3460 260 3531 spinge
278 3476 308 3515 ω

144 3559 256 3601 6111611
268 3568 431 3600 meorum.
918 3556 954 3606 ss,
