2394 3990
90 212 157 277 426
523 205 672 276 mosam

92 355 276 422 abstrahere
299 353 418 418 nostris
441 353 611 438 coniugem
634 372 742 416 caram
764 352 860 436 toris,

91 447 212 510 violare
236 446 392 528 quantum
414 441 508 506 licuit
530 442 652 506 incesta
674 463 773 505 manu

91 539 124 599 et
145 553 225 598 voce
248 530 338 594 dira?
362 530 470 595 debita
492 551 596 614 poena
618 530 733 594 vacat?
1055 547 1097 595 855

90 639 213 686 Pasas.
236 619 378 683 Poenam
402 618 493 683 dolor
516 619 691 684 constituet
712 618 749 682 in
771 619 857 683 cives
880 621 978 685 tuos?

91 728 171 774 naa.
195 707 392 790 Constituet,
415 711 502 772 aetas
524 708 615 771 nulla
637 728 735 791 quam
757 707 862 772 famae
885 709 1017 774 eximat.

91 815 215 862 Panno.
239 796 308 860 Tua
331 799 489 879 temperet
511 817 571 860 nos
592 796 654 878 ira,
676 817 744 861 non
766 799 877 861 noster
898 797 1008 862 timor.

90 905 170 950 nna.
193 885 279 950 Iram
303 885 447 968 expiabit
469 885 573 968 prima
596 905 678 968 quae
700 885 820 949 meruit
841 907 958 949 meam.

90 992 214 1039 Panas.
239 973 343 1050 Quam
361 978 474 1057 poscat
492 975 563 1056 ede,
585 977 696 1039 nostra
713 995 754 1038 ne
772 977 885 1057 parcat
901 995 1028 1039 manns.
1056 991 1101 1040 seo

89 1082 169 1128 nna.
193 1062 330 1127 Caedem
353 1063 471 1127 sororis
493 1062 599 1145 poscit
622 1065 655 1126 et
677 1061 782 1126 dirum
805 1066 912 1146 caput.

90 1170 212 1217 Panas.
236 1150 378 1216 Horrore
401 1152 546 1216 vinctum
569 1151 713 1235 trepidus
735 1151 888 1216 astrinxit
909 1151 1010 1238 rigor.

89 1260 169 1305 nna.
192 1240 308 1306 Parere
322 1239 472 1304 dubitas?
502 1256 626 1304 PRAEF.
642 1237 707 1304 Gur
719 1262 825 1304 meam
839 1240 975 1305 damnas
988 1240 1099 1306 fidem?
1130 1259 1134 1270 ·

89 1348 169 1394 nna.
179 1328 272 1405 Quod
286 1329 390 1412 parcis
402 1328 497 1392 hosti.
517 1345 644 1393 *Panse
653 1327 787 1393 Femina
795 1327 859 1393 hoc
869 1350 992 1394 nomen
1001 1329 1101 1414 capit?

90 1437 169 1483 nnn.
181 1416 216 1483 Si
227 1420 345 1482 scelera
355 1418 447 1501 cepit.
462 1434 585 1481 Panas.
595 1417 697 1482 Estne
707 1416 762 1501 qui
772 1421 898 1482 sontem
908 1420 1047 1504 arguat?
1056 1433 1099 1483 865

92 1525 171 1571 nna.
195 1506 314 1590 Populi
331 1506 430 1593 furor.
462 1523 584 1570 Pasas.
599 1505 678 1582 Quis
696 1527 806 1592 regere
822 1506 988 1572 dementes
1002 1507 1100 1572 valet?

89 1614 168 1660 nna.
183 1595 245 1671 Qui
260 1596 420 1661 concitare
433 1596 549 1678 potnit.
572 1612 695 1659 Pasas.
705 1593 802 1659 Haud
816 1616 1014 1679 quemquam
1027 1618 1099 1662 reor.

92 1702 172 1748 nna.
196 1684 321 1768 Mulier,
344 1683 432 1749 dedit
453 1688 569 1748 natura
592 1685 644 1748 eui
667 1705 805 1767 pronum
827 1685 916 1748 malo

90 1773 248 1856 animum,
270 1775 310 1838 ad
332 1772 512 1837 nocendum
535 1776 648 1856 peetus
670 1772 823 1837 instruxit
845 1773 939 1838 dolis.

89 1880 213 1926 Panna.
234 1860 297 1926 Sed
314 1863 380 1925 vim
394 1862 533 1947 negavit
565 1866 645 1926 NER.
654 1860 702 1926 Vt
714 1883 755 1926 ne
769 1861 1033 1947 inexpugnabilis
1054 1878 1098 1926 870

90 1956 186 2035 esset,
210 1952 265 2015 sed
288 1973 399 2036 aegras
421 1951 584 2036 frangeret
605 1950 690 2014 vires
712 1950 811 2015 timor

89 2042 143 2104 vel
164 2060 281 2124 poena3
305 2061 387 2122 qnae
409 2040 474 2103 iam
497 2060 567 2104 sera
590 2040 773 2104 damnatam
796 2044 923 2122 premet

90 2128 146 2191 diu
168 2132 345 2192 nocentem.
392 2130 470 2192 tolle
493 2129 664 2192 consilinm
687 2148 725 2191 ac
747 2149 858 2211 preces

90 2220 122 2280 et
145 2217 301 2299 imperata
324 2238 454 2302 perage:
479 2218 642 2282 devectam
665 2220 734 2281 rate

89 2306 204 2389 procul
226 2305 260 2368 in
283 2309 443 2370 remotum
466 2305 544 2369 litus
566 2305 709 2370 interimi
731 2305 819 2389 iube,
1054 2320 1098 2370 676

89 2395 219 2459 tandem
242 2398 279 2458 ut
302 2394 420 2459 residat
443 2394 583 2478 pectoris
605 2394 709 2458 nostri
731 2393 837 2458 timor.

396 2605 570 2671 OHORVS
607 2603 801 2671 OCTAVIA

337 2728 364 2795 Ο
387 2730 535 2795 funestus
557 2730 669 2795 multis
693 2730 807 2814 populi

270 2819 420 2902 dirusque
443 2819 544 2903 favor,

159 3000 210 3048 666
230 3011 325 3049 earam
343 2999 366 3046 A
389 2994 425 3060 cf.
439 2993 498 3063 prf.
518 2994 535 3046 t.
553 3011 581 3047 a.
605 2994 716 3046 tantam
734 3003 763 3059 ψ
786 2993 825 3048 sic
843 2993 901 3047 Leo
924 2995 958 3048 in
982 2996 1104 3060 editam,

87 3066 153 3120 otim
171 3066 203 3120 ci.
224 3067 352 3120 sanctam
368 3066 483 3120 Hermes
498 3065 529 3119 X
541 3068 593 3118 441
613 3063 622 3136 Η
642 3068 693 3116 668
713 3080 769 3131 qua
787 3066 808 3118 t.
823 3068 846 3115 A
863 3080 933 3120 corr.
950 3066 1104 3134 Bstchelert

88 3140 140 3187 868
159 3136 321 3204 expectabit
334 3141 357 3188 A
376 3135 530 3204 explicabit
543 3146 571 3201 ψ
590 3152 658 3190 corr.
674 3153 696 3189 α
715 3134 867 3204 (spectabit
885 3135 959 3189 iram
974 3139 1083 3207 Peipcr)
1096 3140 1104 3206 i

88 3211 140 3259 666
158 3206 264 3260 victum
282 3212 305 3259 A
330 3223 398 3262 corr.
418 3219 446 3273 ψ
471 3209 476 3277 t
502 3205 634 3275 astringit
652 3217 680 3272 ψ
712 3208 721 3275 ΙΙ
754 3210 806 3259 864
825 3205 896 3274 qnid
917 3208 961 3262 ool
985 3225 1036 3263 eur
1053 3221 1080 3275 ψ
1097 3212 1104 3277 i

88 3282 139 3330 667
168 3277 230 3344 quis
258 3282 281 3331 A
308 3294 376 3333 corr.
400 3289 428 3344 ψ
460 3280 469 3346 ΙΙ
502 3282 553 3330 876
581 3284 653 3332 totos
680 3277 789 3332 Neroni
820 3279 956 3334 tratuitur
981 3283 1006 3333 A
1039 3297 1104 3336 corr.

88 3348 187 3416 Perper
209 3350 218 3417 tt
241 3354 294 3403 666
312 3351 372 3402 tam
390 3353 413 3400 A
431 3364 499 3404 corr.
515 3349 552 3402 N.
568 3349 703 3404 Heinsius
718 3365 747 3417 p.
763 3351 817 3402 514
840 3351 845 3418 Ι
869 3350 978 3416 promit
996 3354 1020 3404 A
1040 3368 1105 3406 corr.

87 3420 175 3474 Bothe
197 3421 206 3488 ΙΙ
229 3423 281 3473 866
299 3419 422 3473 resideat
440 3431 468 3485 ψ
493 3419 498 3492 Ι
522 3421 615 3473 tumor
632 3431 660 3486 ψ
678 3419 687 3490 Η
707 3423 856 3473 stt—983
875 3420 1002 3476 diowtris
1024 3423 1107 3478 iater-

82 3492 169 3558 positi·
182 3491 341 3546 monometri
353 3497 407 3545 tres
421 3492 479 3559 (eia
493 3490 583 3544 tristis
597 3490 652 3557 Er„
671 3496 722 3542 668
741 3489 857 3544 victima
874 3507 911 3558 n.‚
931 3496 987 3545 966
1003 3510 1108 3547 numen

87 3563 119 3630 s.)
138 3563 279 3628 Aninscr.
299 3579 402 3615 onoavs
421 3564 481 3631 (om.
503 3565 628 3631 ocrim)
647 3573 675 3627 ψ
732 3573 735 3580 ’
