2394 3990
494 210 653 265 OCTAVIA

223 358 328 440 fulvo,
351 355 475 440 Danae,
497 357 593 421 fluxit
614 356 649 420 in
672 377 758 420 auro.

224 445 362 510 formam
386 443 501 529 Sparte
523 446 621 510 iactet
643 444 791 509 alumnae

223 535 300 599 lieet
322 538 356 598 et
377 532 541 620 Phlygius
564 535 705 617 praemia
727 538 852 617 pastor:

223 623 331 687 vineat
354 623 461 687 vultus
484 624 564 687 haee
582 621 782 706 Tyndaridos

224 712 280 795 qui
302 715 473 776 moverunt
494 710 625 775 horrida
649 711 734 776 bella

222 799 447 886 Phrygiaeque
470 799 540 864 solo
563 820 664 885 regna
688 799 809 864 dedere.

290 887 354 954 Sed
377 890 448 972 quis
471 910 583 974 gressu
606 890 671 952 ruit
694 889 834 953 attonito

222 979 278 1041 aut
303 978 380 1061 quid
403 981 512 1061 portat
534 981 664 1061 pectore
687 977 826 1041 anhelo?

363 1187 537 1255 NVNTIV
538 1187 561 1254 S
598 1187 774 1255 OHORVS

127 1315 330 1398 Quicumque
353 1315 449 1379 tectis
472 1315 610 1379 excubat
632 1315 725 1379 miles
749 1314 853 1398 ducis,

56 1404 210 1470 defendat
232 1405 339 1468 aulam
363 1403 415 1468 eui
437 1403 530 1467 furor
551 1404 665 1487 populi
688 1404 844 1468 imminet.

56 1493 178 1578 trepidi
201 1491 351 1558 cohortes
374 1513 446 1557 ecoe
469 1492 624 1575 praefecti
646 1492 780 1556 trahunt

57 1581 219 1667 praesidia
242 1581 284 1645 ad
304 1580 410 1664 urbis,
432 1581 517 1645 vieta
539 1602 599 1646 nee
623 1581 707 1645 aedit
729 1584 819 1644 metu

57 1674 216 1755 ooneepta
237 1670 343 1734 rabies
366 1673 500 1753 temere,
524 1670 579 1734 sed
601 1671 685 1733 vires
708 1671 803 1752 capit.

58 1776 161 1824 cnon.
185 1757 263 1834 Quis
287 1759 348 1822 iste
371 1761 495 1822 mentes
518 1759 620 1845 agitat
643 1759 800 1822 attonitus
823 1759 934 1823 furor?
1026 1775 1077 1824 785

57 1866 164 1913 avan.
188 1845 341 1913 Octaviae
363 1848 473 1912 favore
496 1868 646 1930 pereussa
669 1847 799 1932 agmina

56 1942 92 2002 et
115 1937 245 2001 efferata
268 1958 326 2020 per
348 1935 439 2001 nefas
461 1936 575 2021 ingens
598 1939 705 2000 ruunt.

57 2042 162 2090 cnon.
186 2024 271 2101 Quid
294 2047 372 2089 ausa
393 2025 499 2089 faeere
522 2047 627 2108 quove
650 2025 787 2090 oonsilio
811 2025 897 2089 dooe.

57 2132 163 2180 NVNT.
186 2113 331 2178 Reddere
353 2118 486 2197 penates
509 2111 662 2178 Claudiae
685 2113 751 2177 divi
774 2119 889 2197 parant

56 2209 211 2286 torosque
234 2202 357 2286 fratria
380 2202 521 2266 debitam
544 2205 669 2286 partem
692 2202 817 2286 imperi.

56 2309 161 2356 cnon.
186 2290 274 2367 Quos
298 2292 362 2355 iam
385 2295 474 2355 tenet
496 2290 648 2375 Poppaea
670 2292 821 2357 concordi
843 2292 928 2356 fide?

57 2399 164 2444 nvnu.
188 2379 253 2444 Hie
275 2381 341 2444 urit
364 2380 493 2458 animos
512 2380 662 2463 pertinax
684 2380 820 2443 nimium
843 2380 936 2445 favor

55 2474 91 2534 et
113 2471 149 2533 in
170 2468 313 2533 furorem
336 2474 456 2534 temere
479 2469 671 2552 praecipites
695 2469 776 2554 agit:

56 2578 278 2641 quaecumque
302 2558 389 2622 claro
412 2579 572 2622 marmore
596 2557 719 2643 effigies
744 2557 833 2620 stetit

57 2650 115 2711 aut
138 2668 209 2711 aere
232 2647 375 2732 fulgens,
399 2668 456 2726 ora
478 2645 647 2731 Poppaeae
671 2667 798 2732 gerens,

56 2735 180 2800 afflicta
202 2736 293 2821 vulgi
316 2735 464 2800 manibus
488 2739 520 2799 et
543 2756 638 2800 saevo
661 2736 744 2800 iacet

56 2846 168 2889 eversa
190 2825 289 2909 ferr03
312 2825 457 2888 membra
479 2846 537 2907 per
559 2827 666 2909 partes
689 2824 823 2888 trahunt

55 2912 194 2977 deducta
216 2913 354 2996 laqueis,
378 2913 520 2978 obruunt
541 2913 631 2997 turpi
654 2913 710 2976 diu

56 3001 181 3067 calcata
204 3022 311 3066 caeno.
357 3002 455 3066 verba
477 3003 673 3067 conveniunt
695 3001 771 3066 feris

128 3146 181 3194 778
204 3141 317 3210 daphne
346 3142 388 3195 ool
419 3141 541 3210 dompne
570 3140 681 3210 (danne,
710 3140 783 3194 dane
806 3142 844 3208 ψ)
867 3145 903 3206 Δ,
932 3156 1000 3196 cors.
1026 3141 1072 3213 a!

54 3211 138 3266 fulsit
155 3222 184 3278 ψ
215 3214 225 3282 u
256 3217 309 3264 'tte
327 3211 415 3265 vineit
433 3212 575 3266 Boelvreaa
600 3213 610 3280 ΙΙ
642 3216 695 3264 778
713 3214 827 3281 pectore
844 3213 941 3280 portat
959 3217 982 3264 A
1005 3229 1073 3268 corr.

54 3284 90 3339 L.
111 3282 218 3338 Mdller
240 3284 364 3352 (pectore
392 3282 462 3351 quid
489 3284 585 3352 portat
608 3282 786 3338 nasama
813 3284 839 3338 d.
863 3300 911 3337 em.
935 3289 968 3338 tr.
995 3286 1041 3354 66)
1061 3284 1075 3408 Q

53 3355 139 3410 iasar.
162 3371 212 3408 ona
232 3366 260 3420 ψ
291 3356 301 3424 ΙΙ
332 3353 484 3408 7807101100
508 3353 617 3409 exultat
635 3358 658 3405 A
684 3370 752 3408 corr.
772 3355 860 3410 Bothe
883 3356 929 3424 (m.
955 3354 1061 3408 exeuba

53 3426 225 3496 Ropteliap)
251 3427 261 3494 ΙΙ
293 3430 345 3479 780
368 3424 505 3480 attonitas
527 3436 555 3491 ψ
583 3428 592 3494 ΙΙ
619 3429 672 3478 786
690 3424 783 3478 furore
801 3430 824 3477 A
846 3441 914 3480 corr.
937 3426 1047 3481 Gronov
1065 3424 1075 3496 ll

53 3494 205 3622 {oszuror
223 3501 246 3548 A
269 3513 338 3552 0077.
357 3508 384 3562 ψ
408 3499 417 3566 ΙΙ
440 3501 492 3550 795
512 3498 562 3550 aut
580 3512 629 3550 ara
647 3501 670 3548 A
693 3513 760 3551 corr.
781 3497 897 3565 Lipsius
924 3498 934 3566 ΙΙ
960 3500 1012 3549 788
1032 3494 1074 3547 di·

75 3584 110 3621 ue
160 3571 271 3623 Aeorr.
285 3579 313 3634 ψ
