2394 3990
326 209 516 264 mucuns
535 209 724 282 [carmus]

232 355 313 419 caeli
335 356 423 440 regia
447 355 617 420 concidens

233 447 322 508 ortus
345 449 441 526 atque
466 444 573 508 obitus
596 443 703 508 trahet

233 537 329 615 atque
353 533 457 597 omnis
481 534 601 616 pariter
624 533 699 598 deos

231 622 343 705 perdet
365 643 452 686 mors
475 623 584 705 aliqua
607 626 639 686 et
662 623 772 705 chaos,

137 777 139 781 ,
232 714 265 774 et
287 732 374 774 mors
397 711 464 774 fata
487 711 663 774 novissima

232 800 267 862 in
290 821 323 863 se
347 800 522 863 constituet
545 800 615 863 sibi.

232 888 304 970 quis
327 888 483 951 mundum
507 889 613 971 capiet
634 889 748 953 locus?

232 977 373 1042 discedet
396 978 449 1040 via
472 976 610 1060 Tartari,

231 1066 342 1130 fractis
365 1070 402 1130 ut
425 1070 534 1149 pateat
556 1066 663 1149 polis?

232 1176 274 1218 an
297 1154 383 1236 quod
407 1154 522 1218 dividit
544 1156 674 1219 aethera

231 1265 250 1307 a
272 1243 366 1307 terris
389 1243 529 1327 spatium
553 1248 603 1308 sat
626 1248 674 1308 est

230 1334 286 1395 †et
310 1332 423 1395 mundi
445 1332 582 1396 nimium
605 1331 721 1396 malis?

232 1421 304 1503 quis
327 1423 454 1484 tantum
478 1422 584 1505 capiet
607 1419 724 1508 (nefas)

231 1509 349 1593 fatum,
372 1511 444 1592 quis
468 1531 601 1593 superos
624 1510 736 1575 locus?

231 1602 367 1682 pontum
385 1598 518 1663 Tartara
541 1599 645 1664 sidera

231 1707 332 1773 regna
353 1709 436 1752 unus
460 1689 564 1772 capiet
587 1689 657 1753 tria.

300 1775 362 1841 Sed
386 1778 458 1860 quis
481 1798 548 1861 non
570 1777 715 1842 modicus
739 1776 848 1861 hagor

232 1887 324 1929 aures
347 1866 501 1930 attonitas
525 1866 654 1930 movet?

233 1958 281 2018 est
304 1958 352 2019 est
374 1953 552 2019 Herculeus
575 1977 682 2020 sonus.

303 2164 535 2231 HEROVLES
573 2165 747 2233 ofloavs

88 2291 259 2374 Converte,
282 2290 380 2355 Titan
402 2293 499 2376 clare,
522 2292 708 2358 anhelantes
733 2314 845 2376 equos,

47 2382 131 2445 nitte
154 2385 296 2445 noctem:
319 2384 430 2465 pereat
452 2381 505 2445 hic
528 2383 648 2446 mundo
673 2383 740 2446 dies

47 2493 84 2535 uo
109 2471 238 2554 morior,
262 2473 332 2534 atra
354 2470 440 2534 nube
463 2471 662 2536 inhorrescat
684 2472 792 2554 polus,

47 2564 113 2624 osta
135 2580 299 2624 novercae.
345 2581 446 2642 nunc,
469 2565 569 2645 pater,
592 2580 722 2624 caecum
746 2559 843 2623 chaos

47 2649 109 2712 addi
133 2647 277 2731 decebat,
299 2648 375 2712 hino
399 2652 431 2711 et
453 2648 530 2714 hinc
553 2648 763 2734 compagibus

47 2738 123 2820 iptis
146 2742 281 2820 uterque
305 2737 416 2802 debuit
439 2737 546 2824 frangi
569 2739 678 2822 polus,

47 2826 98 2889 uid
121 2826 225 2909 parcis
249 2827 365 2890 astris?
388 2825 562 2891 Herculem
585 2827 720 2910 amittis,
744 2831 844 2910 pater.

47 2936 105 2979 nnc
128 2919 252 2999 partem
276 2916 311 2979 in
334 2936 476 2998 omnem,
498 2915 652 3000 Iuppiter,
676 2919 784 2999 specta
807 2912 888 2997 poli,

90 3076 151 3124 1112
169 3071 299 3127 concidet
316 3077 339 3125 Δ
371 3075 380 3142 ΙΙ
411 3077 470 3125 1113
491 3075 580 3127 certos
600 3076 685 3142 atque
703 3076 726 3124 Δ
757 3074 767 3141 71
799 3076 859 3123 1114
878 3086 973 3124 omnes
991 3072 1036 3138 Ati

47 3147 78 3195 1³
97 3160 152 3197 nox
170 3143 228 3196 alia
246 3143 284 3198 N.
301 3143 435 3199 Heinsius
448 3162 478 3213 p.
494 3148 548 3198 544
566 3147 651 3214 11111'1
672 3143 819 3197 constituit
837 3148 858 3194 E
873 3145 881 3212 ΙΙ
901 3147 960 3194 1119
979 3141 1035 3194 dis-

47 3214 88 3268 sie
105 3216 227 3284 31111110
247 3214 343 3268 stratis
360 3217 394 3269 ut
410 3219 532 3285 Atinas
551 3215 666 3270 niueum
685 3217 728 3268 est
745 3213 828 3267 malis
842 3220 864 3266 11
878 3216 887 3283 ΙΙ
901 3218 963 3266 1125
982 3211 1036 3265 fati

47 3285 61 3339 :l
82 3284 151 3340 fatis
169 3296 198 3352 ψ
218 3285 223 3358 1
243 3283 364 3341 fratrem
386 3286 435 3354 qui
453 3292 475 3339 Ε
496 3289 500 3356 Ι
522 3286 629 3357 superis
653 3303 681 3340 ω
707 3284 802 3355 superi
821 3286 945 3352 Gronov,
967 3300 1034 3339 corr.

47 3373 76 3413 co
103 3358 112 3426 ΙΙ
139 3361 202 3410 uas
221 3356 315 3412 sidera
332 3359 441 3412 tartara
459 3361 482 3410 Δ
503 3359 513 3428 ΙΙ
535 3374 649 3413 socam
666 3357 827 3413 inscribitis
844 3375 979 3410 annonas
999 3371 1035 3419 ω,

47 3445 124 3483 ronvs
142 3427 207 3482 aad.
225 3439 255 3496 ψ
272 3430 283 3499 t
299 3433 360 3483 nal
377 3434 456 3483 nnio.
472 3429 563 3499 praes.
578 3435 600 3482 Ε
613 3430 623 3499 ΙΙ
636 3433 699 3483 1188
718 3427 822 3482 moriar
839 3430 885 3497 Au
904 3431 968 3479 1134
987 3441 1036 3478 no-

47 3502 168 3555 uom
184 3498 715 3571 an.c1eaelosteuumofluac
734 3501 763 3554 et
781 3501 967 3568 omnunai
988 3512 1036 3548 au-

47 3568 885 3645 rielltmiffitllllsspumtnomuiltspectatz
935 3611 938 3615 .
