2394 3990
460 215 671 273 AGAMEMNO
1008 219 1072 285 277

57 365 207 430 1119119119
228 363 333 428 hodie.
379 381 434 427 99.
456 363 641 429 Dummodo
663 363 725 428 1199
747 364 867 430 moriar
888 388 995 430 manu.

57 455 173 520 recedo
197 453 239 518 ab
260 452 333 517 aris.
379 452 502 517 sirete
525 453 637 539 iugulo
660 453 751 518 iuvat

57 543 207 608 mersisse
230 543 363 624 ferrum,
386 541 523 624 praebeo
547 542 695 628 iugulum
718 542 792 628 tibi3

58 655 117 697 seu
140 653 229 696 more
252 630 412 714 pecudum
435 631 518 694 colla
539 632 675 695 resecari
697 631 815 715 placet,

58 723 185 785 intenta
207 720 315 784 cervix
337 717 454 783 vulnus
478 723 626 802 expectat
647 723 748 785 tuum
1021 735 1072 786 979

59 811 164 875 scelus
187 813 335 893 paratum
358 811 419 872 ast:
442 807 538 872 caede
560 830 737 892 respersam
759 809 822 873 viri

57 903 156 982 atque
179 896 357 962 obsoletam
380 896 536 982 sanguine
558 896 622 962 hoc
644 897 789 962 dextram
812 878 915 962 ablue.

59 1005 159 1052 9111.
183 983 322 1050 Consors
345 985 459 1069 pericli
481 987 601 1070 pariter
623 1007 661 1050 ac
682 987 783 1087 regni,
797 987 875 1069 mei,

56 1074 227 1162 Aegistho,
250 1074 390 1160 gradere.
436 1078 534 1160 gnata
558 1074 783 1160 genetricem
775 1076 875 1159 1mpie

57 1164 186 1250 probris
208 1163 350 1246 lacessit,
374 1164 493 1228 occulit
514 1163 647 1228 fratrem
670 1163 825 1239 abditum.
1021 1179 1073 1230 999

125 1357 204 1405 999.
227 1339 414 1405 Furibunda
436 1341 542 1425 virgo,
565 1341 653 1405 vocis
676 1341 825 1406 infandae
849 1364 964 1407 sonum

58 1435 93 1495 et
115 1451 191 1495 aure
213 1428 312 1493 verba
334 1428 467 1514 indigna
489 1433 634 1493 materna
657 1431 811 1514 opprime.

58 1536 113 1583 na.
138 1517 247 1582 Etiam
270 1517 415 1582 monebit
438 1518 566 1582 sceleris
589 1518 712 1582 infandi
735 1519 865 1602 artiferr,

56 1630 117 1692 per
139 1606 259 1671 scelera
282 1611 412 1692 gnatus,
435 1628 554 1671 nomen
577 1606 765 1694 ambiguum
789 1610 868 1693 suis,

56 1697 143 1760 idem
167 1695 286 1760 sororis
309 1700 425 1781 gnatus
449 1699 481 1760 99
503 1694 604 1779 patris
626 1697 748 1779 nepos?
1021 1711 1071 1761 999

60 1802 160 1849 carr.
183 1781 353 1869 Aegistho,
376 1804 480 1848 cessas
503 1784 639 1868 impium
662 1784 747 1849 ferro
771 1790 867 1869 caput

60 1873 243 1938 demetere?
266 1873 399 1937 fratrem
420 1873 533 1937 reddat
556 1876 611 1937 aut
634 1874 774 1937 animam
798 1875 916 1938 statim.

57 1978 138 2027 999,
161 1959 321 2026 Abstrusa
344 1983 438 2026 caeco
462 1983 587 2028 carcere
610 1965 642 2026 et
665 1984 742 2027 saxo
766 1964 874 2049 exigat

57 2073 189 2133 aevum,
212 2054 244 2115 et
266 2072 324 2134 per
343 2072 453 2115 omnes
476 2054 563 2115 torta
584 2073 760 2134 poenarum
783 2052 896 2116 modos

56 2141 177 2205 referre
201 2160 297 2222 quem
320 2161 406 2204 nunc
429 2141 548 2205 occulit
569 2140 679 2205 forsan
702 2141 797 2206 volet.
1022 2157 1073 2206 999

56 2230 153 2312 inops
177 2249 273 2312 egens
296 2229 434 2311 inclusa,
455 2229 593 2311 paedore
617 2230 745 2312 obruta,

56 2318 155 2382 vidua
178 2320 252 2381 ante
274 2315 447 2399 thalamos,
470 2319 557 2400 exul,
583 2317 687 2382 invisa
710 2318 860 2382 omnibus

57 2405 187 2470 aethere
209 2408 326 2491 negato
351 2427 420 2469 sero
445 2405 637 2471 subcumbet
659 2407 761 2470 malis.

56 2512 112 2558 nL.
138 2493 283 2558 Concede
306 2497 450 2558 mortem.
497 2511 575 2559 1991.
600 2493 634 2558 Si
656 2515 832 2576 recusares,
856 2497 972 2560 darem.

56 2583 147 2647 rudis
171 2586 219 2647 est
241 2586 397 2666 tyrannus
420 2586 523 2647 morte
547 2584 603 2666 qui
625 2604 761 2665 poenam
786 2584 895 2670 exigit.
1021 2597 1072 2649 999

56 2688 112 2734 99.
131 2670 269 2735 Mortem
284 2671 406 2754 aliquid
419 2673 505 2735 ultra
524 2672 593 2736 est?
620 2688 698 2736 999.
714 2671 799 2756 Vita,
815 2674 842 2736 si
856 2673 966 2757 cupias
980 2674 1071 2737 mori.

56 2760 209 2844 abripite,
232 2759 359 2842 famuli,
382 2764 563 2824 monstrum
587 2763 618 2823 et
641 2764 785 2826 avectam
808 2762 922 2845 procul

54 2849 144 2912 ultra
165 2846 317 2931 Mycenas
340 2848 455 2912 ultimo
479 2849 514 2913 in
536 2850 628 2934 regni
651 2851 770 2935 angurlo

55 2937 176 3001 vincite
199 2940 343 3020 saeptam
366 2940 460 3001 nocte
483 2938 645 3001 tenebrosi
669 2959 797 3022 specus,

55 3029 95 3090 ut
117 3026 294 3108 inquietam
318 3026 476 3110 virginem
500 3047 607 3090 991991
630 3027 745 3092 domet.
1002 3045 1070 3093 1000
1144 3027 1149 3047 ⁴

56 3130 157 3178 9917.
180 3111 225 3177 Α9
249 3115 312 3178 1999
334 3136 454 3198 poenas
478 3116 582 3199 capite
605 3117 766 3200 persolvet
790 3138 847 3180 suo

127 3287 557 3371 9791999191111919119911979
572 3291 889 3360 11919999199119799.
905 3291 1011 3361 gaudes
1026 3291 1069 3364 Al

53 3361 171 3429 gnatam
192 3359 357 3428 genitricem
375 3362 486 3429 911999
505 3361 568 3415 abd
589 3361 622 3416 fr.
643 3362 935 3432 coempturus
956 3367 1044 3417 9919

53 3435 108 3484 999
127 3432 156 3484 99
175 3432 290 3499 999911
310 3429 1043 3503 9991919911111119911199919991199419119

53 3501 350 3572 99919919991911.
370 3504 1070 3573 91199919999199911199911191119Β99119911

53 3578 120 3626 1991
140 3591 197 3626 cur.
217 3571 443 3641 9919119999

492 3744 575 3759 2*-
