2376 3984
62 3686 102 3744 Ιι

139 197 179 261 18
460 197 490 249 L.
505 195 646 249 ANNAEI
664 195 828 250 SENECAE

137 359 211 406 ch.
237 340 412 425 Sceptrone
435 346 546 405 nostro
568 342 709 405 famulus
733 347 781 406 est
804 343 912 425 potior
934 344 1017 408 tibi?
1096 359 1138 408 400

136 447 218 495 nne.
243 429 328 505 Quot
351 431 411 494 iste
433 430 574 494 famulus
597 429 729 494 tradidit
751 452 842 516 reges
865 432 943 496 neei.

137 537 212 583 440.
237 516 303 584 Cur
325 540 401 604 ergo
424 520 494 604 regi
517 519 614 583 servit
638 522 670 582 et
692 520 814 603 patitur
835 520 970 605 iugum?

136 625 218 672 44144.
242 609 381 692 Imperia
403 608 482 671 dura
504 609 595 672 tolle:
619 607 697 690 quid
719 608 821 672 virtus
845 609 926 672 erit?

137 714 211 761 nro.
236 694 330 761 Obiei
351 697 428 760 feris
451 696 667 778 monstrisque
690 697 841 760 virtutem
865 699 982 780 putas?

137 802 218 849 0444.
243 784 382 848 Virtutis
406 789 455 849 est
478 784 607 848 domare
631 806 712 866 quae
735 785 843 848 cuncti
865 791 991 869 pavent.
1096 801 1148 851 444

138 891 212 938 nro.
237 874 400 938 Tenebrae
422 874 609 957 loquentem
632 894 750 957 44443444
773 872 947 938 Tartareae
968 881 1125 958 premunt.

136 979 218 1026 4444.
241 961 318 1027 Non
341 966 390 1026 est
413 963 453 1026 ad
476 966 561 1025 astra
583 961 693 1025 mollis
714 984 732 1025 e
755 962 847 1026 terris
870 963 930 1027 414.

137 1068 212 1115 nro.
236 1050 305 1126 Quo
329 1055 421 1134 patre
443 1052 570 1136 genitus
594 1051 744 1115 caelitum
768 1055 876 1134 sperat
898 1051 1034 1116 domos?

136 1158 243 1203 ΑΜΡΗ.
266 1139 449 1203 Miseranda
472 1139 612 1202 coniunx
635 1137 784 1203 Herculis
807 1141 931 1225 44443441,
954 1141 1025 1205 sile:

136 1233 244 1313 partes
267 1251 357 1292 meae
381 1231 456 1291 sunt
478 1227 608 1292 reddere
631 1225 763 1290 Aloidae
786 1232 911 1310 patrem
1094 1246 1145 1295 440

136 1339 300 1402 genusque
324 1339 442 1381 verum.
489 1319 564 1399 post
586 1319 636 1379 tot
659 1317 798 1400 ingentis
822 1316 882 1379 viri

136 1406 342 1470 memoranda
364 1406 450 1470 faeta
473 1408 610 1487 postque
633 1407 783 1487 pacatum
806 1427 903 1468 manu

137 1494 362 1578 quodcumque
385 1493 481 1556 Titan
504 1497 592 1557 ortus
617 1497 648 1556 et
670 1494 782 1557 labens
805 1493 904 1577 videt,

136 1587 212 1668 post
234 1586 378 1646 monstra
399 1585 450 1645 tot
473 1581 666 1665 perdomita,
689 1585 763 1665 post
785 1580 958 1667 Phlegram
981 1583 1083 1666 impio

136 1693 279 1755 sparsam
304 1691 415 1734 eruore
437 1674 575 1753 postque
599 1670 745 1734 defensos
769 1669 845 1733 deos
1096 1687 1147 1736 444

135 1759 278 1824 nondum
301 1760 404 1841 liquet
427 1758 466 1822 de
488 1759 600 1842 patre?
624 1759 799 1822 mentimur
819 1756 942 1822 Iovem:

135 1847 268 1912 lunonis
292 1847 366 1911 odio
390 1847 490 1911 erede.
536 1864 611 1911 nro.
635 1845 718 1921 Quid
741 1846 842 1911 violas
865 1845 997 1911 Iovem?

137 1939 273 2001 mortale
297 1937 384 2002 eaelo
407 1957 474 2000 non
496 1940 603 2019 potest
626 1936 716 2019 iungi
739 1957 850 2020 genus.

136 2044 243 2089 AMPH.
267 2022 454 2088 Communis
478 2025 540 2087 ista
563 2025 709 2107 pluribus
733 2045 828 2088 eausa
851 2028 900 2088 est
923 2023 998 2088 deis.

137 2131 212 2177 LYC.
236 2113 403 2177 Famuline
425 2113 553 2176 fuerant
576 2116 649 2176 ante
673 2134 769 2194 quam
792 2113 906 2176 fierent
929 2112 1002 2177 dei?
1099 2130 1149 2179 440

136 2221 243 2266 ΑΜΡΗ.
266 2201 382 2265 Ρ44404
403 2201 562 2265 Pheraeos
585 2200 698 2264 Delius
722 2201 812 2284 pavit
835 2221 956 2285 greges.

139 2308 212 2355 [440.
237 2289 301 2355 Sed
323 2311 389 2354 non
411 2312 469 2372 per
493 2311 603 2353 omnes
627 2290 701 2352 exul
724 2290 842 2353 erravit
864 2290 985 2374 plagas.

136 2398 242 2443 ΑΜΡΗ.
266 2378 367 2454 Quem
391 2378 529 2463 profuga
551 2381 635 2442 terra
658 2382 761 2441 mater
783 2382 907 2441 errante
930 2378 1052 2442 edidit?

137 2486 213 2533 440.
236 2466 324 2532 Num
348 2471 493 2531 monstra
515 2488 610 2530 saeva
632 2466 783 2530 Phoebus
806 2470 862 2530 aut
884 2467 994 2531 timuit
1016 2467 1122 2532 feras?

135 2575 242 2621 AMPH.
265 2555 392 2620 Primus
416 2556 550 2640 sagittas
574 2555 691 2619 imbuit
712 2554 838 2619 Phoebi
861 2554 964 2620 (14400.
1098 2572 1150 2620 444

137 2663 212 2710 nro.
236 2643 338 2719 Quam
362 2645 473 2730 gravia
495 2666 612 2727 parvus
635 2644 746 2708 tulerit
769 2644 897 2728 13440444
920 2645 1028 2708 mala?

136 2752 242 2797 AMPH.
266 2733 294 2796 E
319 2734 430 2796 matris
454 2736 546 2795 utero
568 2733 703 2796 fulmine
726 2732 846 2797 eiectus
868 2754 949 2816 puer

136 2844 213 2887 mox
235 2821 420 2886 fulminanti
443 2822 608 2905 proximus
632 2822 717 2905 patri
739 2821 837 2885 stetit.

138 2910 237 2992 quid?
261 2909 316 2991 qui
339 2910 497 2994 gubernat
520 2914 618 2992 astra,
643 2911 698 2994 qui
721 2910 822 2973 nubes
846 2909 963 2994 quatit,

136 3020 203 3062 non
225 2998 323 3061 latuit
345 2997 451 3061 infans
474 3000 564 3082 rupis
586 2997 700 3062 Idaeae
723 2999 843 3081 speon?
1096 3014 1151 3065 440

207 3193 261 3241 440
285 3191 450 3256 sceptroque
474 3195 521 3244 Er
544 3206 580 3243 so.
601 3204 712 3258 quoque
731 3191 784 3242 444)
807 3207 875 3244 corr.
899 3202 927 3255 ψ
958 3192 961 3258 Ι
990 3189 1085 3258 potior
1108 3194 1152 3245 est

136 3259 259 3313 famulus
278 3263 300 3310 A
318 3262 326 3328 ΙΙ
344 3265 397 3312 444
417 3263 579 3327 4404444444
599 3262 715 3330 Bentley
733 3262 742 3328 u
765 3265 817 3312 444
836 3263 966 3328 penetrat
985 3260 1083 3314 domos
1101 3265 1126 3314 A
1142 3261 1153 3333 41

136 3336 189 3384 440
207 3346 287 3383 meae
305 3331 359 3384 hae
379 3333 444 3384 sunt
462 3335 485 3382 A
512 3333 521 3399 ll
548 3335 600 3384 444
620 3333 758 3384 errantem
778 3331 859 3385 dedit
875 3336 899 3382 A
925 3332 1153 3402 tempatione

135 3404 246 3472 eipaam
261 3404 355 3470 posuit
374 3403 416 3456 M.
433 3403 634 3471 4144144410
654 3405 663 3471 ΙΙ
685 3407 739 3453 444
757 3419 813 3455 non
831 3404 965 3468 monstra,
985 3418 1083 3456 saevas
1101 3407 1126 3456 A
1145 3404 1150 3475 1

136 3473 263 3526 01444-
279 3473 389 3527 domuit
408 3475 524 3543 Bentley
538 3476 547 3543 ΙΙ
560 3478 613 3526 444
632 3474 831 3544 Amphitryone
849 3474 1014 3528 0040144444
1032 3492 1061 3528 ω
1081 3491 1151 3530 corr.

138 3546 239 3599 Gruter
252 3546 261 3612 l
275 3550 328 3597 440
347 3544 424 3612 rupis
444 3559 542 3597 exesae
561 3548 584 3595 A
603 3548 640 3612 (et
657 3546 697 3599 sio
715 3546 819 3612 Beati.)
