2394 3990
475 197 661 252 THYES'PES

221 342 320 408 flendi
342 342 467 407 miseris
491 341 560 406 dira
582 343 698 426 cupido
722 348 778 408 est

221 432 301 496 libet
324 431 482 496 infaustos
504 432 631 495 mittere
656 436 800 515 questus,

220 521 301 585 libet
324 524 356 585 et
374 519 472 604 Tyrio
496 524 620 584 saturas
644 524 731 584 ostro

221 631 369 692 rumpere
392 612 510 690 vestes,
532 610 656 673 ululare
679 609 767 673 libet.

288 697 390 762 Mittit
411 699 518 762 luctus
543 698 635 784 signa
657 698 758 762 futuri

222 809 326 871 mens,
350 790 424 850 ante
447 787 497 850 sui
520 808 675 871 praesaga
698 787 788 850 mali:

222 876 321 940 instat
343 875 450 939 nautis
473 875 541 939 fera
563 878 751 958 tempestas,

223 985 296 1028 cum
319 964 388 1028 sine
410 967 506 1028 vento
530 965 704 1046 tranquilla
726 968 861 1029 tument.
1025 982 1076 1030 960

289 1050 376 1127 Quos
399 1052 461 1116 tibi
482 1054 590 1117 luctus
614 1074 734 1135 quosve
757 1055 915 1135 tumultus

222 1142 332 1226 fingis,
357 1142 508 1205 demens?
531 1143 659 1205 credula
681 1146 809 1225 praesta

222 1234 354 1313 pectora
374 1230 480 1294 fratri:
504 1230 582 1313 iam,
606 1231 760 1314 quicquid
783 1231 816 1294 id
840 1236 901 1314 est,

222 1320 274 1383 vel
297 1319 365 1382 sine
389 1341 485 1383 causa
507 1321 559 1383 vel
583 1341 652 1383 sero
675 1320 779 1383 times.

287 1406 375 1471 Nolo
399 1407 525 1490 infelix,
549 1408 605 1471 sed
627 1429 728 1493 vagus
751 1409 836 1472 intra
1025 1425 1076 1473 965

222 1501 325 1559 terror
348 1497 489 1577 oberrat,
512 1495 636 1561 subitos
659 1497 800 1560 fundunt

223 1585 309 1648 oculi
332 1584 440 1666 fietus,
463 1606 522 1649 nec
545 1607 641 1649 causa
663 1585 781 1649 subest.

221 1672 314 1737 dolor
337 1695 379 1736 an
400 1677 505 1737 metus
528 1674 599 1738 est?
701 1693 706 1701 ’

222 1783 263 1825 au
286 1761 384 1826 habet
405 1762 554 1826 lacrimas
578 1784 695 1847 magna
717 1762 890 1844 voluptas?

342 1936 517 2003 Ananvs
554 1936 791 2004 THYESTES

128 2063 207 2108 nnn.
231 2043 363 2108 Festum
387 2044 486 2127 diem,
510 2067 673 2130 germane,
697 2067 856 2109 consensu
879 2047 949 2129 pari
1025 2062 1077 2109 970

60 2134 272 2198 celebremus:
294 2132 349 2198 hic
372 2137 435 2217 est,
458 2138 583 2217 sceptra
607 2136 663 2218 qui
686 2135 792 2199 firmet
814 2156 885 2198 mea

61 2223 262 2305 solidamque
284 2223 373 2305 pacis
397 2222 508 2306 alligat
532 2227 636 2287 certae
658 2224 763 2286 fidem.

62 2330 141 2374 THY.
166 2309 270 2375 Satias
294 2311 385 2394 dapis
409 2334 460 2375 me
483 2332 542 2375 nec
565 2312 671 2376 minus
694 2311 815 2377 Bacchi
837 2316 933 2376 tenet.

61 2422 179 2485 angere
203 2400 351 2463 cumulus
374 2399 427 2464 hic
451 2401 650 2483 voluptatem
674 2404 795 2484 potest,

61 2490 89 2552 si
113 2510 186 2553 cum
210 2489 290 2552 meis
313 2488 452 2573 gaudere
473 2489 561 2553 felici
584 2489 685 2552 datur.

60 2595 141 2640 Anu.
164 2576 227 2641 Hic
250 2599 318 2642 esse
341 2580 434 2642 natos
458 2577 550 2642 crede
576 2578 610 2641 in
633 2578 783 2660 amplexu
807 2579 915 2660 patris.

59 2665 116 2729 hic
139 2669 214 2730 sunt
237 2669 406 2750 eruntque3
428 2668 518 2730 nulla
541 2688 615 2749 pars
638 2667 738 2749 prolis
761 2669 836 2730 tuae

60 2755 124 2819 tibi
147 2755 359 2819 subtrahetur.
406 2776 462 2819 ora
486 2777 567 2838 qnae
590 2759 723 2838 exoptas
748 2755 830 2819 dabo

60 2847 232 2926 totumque
254 2844 350 2908 turba
372 2843 437 2907 iam
461 2867 519 2908 sua
542 2845 683 2927 implebo
707 2849 840 2928 patrem.

60 2932 242 3016 satiaberis,
265 2955 305 2996 ne
328 2936 444 2997 metue.
489 2954 575 2996 nunc
598 2934 693 2996 mixti
715 2935 795 2997 meis

60 3021 202 3086 iucunda
223 3043 351 3087 mensae
375 3042 464 3087 sacra
487 3022 636 3086 iuvenilis
661 3023 785 3105 colunt3

61 3109 117 3174 sed
141 3110 310 3175 accientur.
356 3112 510 3194 poculum
533 3111 640 3175 infuso
664 3133 742 3193 cape

60 3198 182 3284 gentile
205 3199 343 3264 Baccho.
389 3197 593 3283 1111011110
616 3200 775 3263 fraternae
799 3198 889 3281 dapis

134 3342 185 3390 911
204 3337 276 3392 libet
294 3338 321 3392 ei
335 3339 432 3406 Bothe,
450 3339 496 3393 sed
514 3340 709 3405 cflLc0167
729 3341 738 3408 Η
759 3343 808 3391 961
826 3355 852 3405 q.
868 3340 887 3390 t.
903 3337 999 3391 uultus
1018 3343 1054 3390 Δτ
1067 3339 1077 3406 l

60 3414 113 3463 998
133 3411 225 3463 metus
244 3425 281 3463 an
296 3409 376 3463 dolor
389 3413 433 3464 est
446 3411 528 3464 Nclte
542 3410 620 3463 ZcG
634 3414 710 3464 1880
720 3425 750 3476 p.
766 3413 804 3462 87
818 3409 877 3463 coll.
892 3410 960 3465 Lac.
976 3409 1055 3462 1127
1069 3408 1078 3478 lt

60 3485 111 3534 971
129 3478 179 3548 qni
198 3481 309 3550 sceptra
327 3486 364 3533 A*
380 3483 391 3551 l
409 3487 461 3535 979
480 3481 566 3535 saties
584 3484 696 3550 111971
715 3479 792 3535 felici
811 3481 934 3548 gaudere
952 3485 989 3532 Δτ
1008 3483 1076 3546 (eac.

66 3551 238 3620 7111111979
257 3551 327 3606 hora
344 3558 367 3605 11
384 3554 394 3622 u
411 3557 461 3607 esl
479 3551 576 3606 colant
593 3564 621 3618 ψ
