2394 3990
130 211 196 274 270
452 211 481 263 L.
497 209 640 263 ANNAEI
658 209 821 264 SENECAE

130 357 260 421 viatrioe
283 355 376 419 lauru
399 357 522 420 oinotus
541 353 766 440 Agamemnon
788 356 868 439 adit,

131 449 163 509 et
186 446 269 510 festa
292 445 431 508 coniunx
455 444 567 509 obvios
589 444 638 508 illi
660 444 737 508 tulit

130 555 258 619 gressus
280 533 426 616 reditque
450 533 559 598 innota
582 533 731 597 concordi
754 533 864 619 gradu.

360 735 612 801 AGAMEMNO
651 734 912 801 onssANnRA

197 852 339 917 Tandem
363 856 504 917 revertor
527 874 637 936 sospes
661 853 702 916 ad
724 853 846 936 patrios
869 851 965 938 lares;

131 964 149 1006 o
174 963 247 1006 cara
271 944 471 1006 salvaterra.
517 941 578 1005 tibi
600 945 650 1004 tot
674 941 827 1005 barbarae

130 1032 242 1095 dedere
265 1034 376 1116 gentes
400 1030 515 1113 spolia,
538 1029 599 1093 tibi
622 1029 701 1094 felix
724 1030 779 1095 diu

129 1120 270 1204 potentis
289 1116 385 1184 Asiae
405 1118 500 1182 Troia
523 1120 685 1182 summisit
707 1141 829 1183 manns.

130 1208 207 1292 quid
231 1209 293 1273 ista
316 1212 404 1273 vates
428 1229 543 1291 eorpus
567 1208 668 1271 effusa
691 1229 727 1272 ao
750 1211 889 1272 tremens

130 1297 227 1361 dubia
248 1297 338 1361 labat
362 1296 507 1362 cerviae?
529 1296 656 1380 famuli,
680 1297 831 1380 attollite,

128 1387 270 1450 refovete
294 1385 399 1472 gelido
423 1386 526 1449 latiae.
572 1386 636 1450 iam
658 1386 774 1469 recipit
796 1387 880 1449 diem

129 1479 290 1539 marcente
313 1476 393 1539 visu.
439 1475 559 1538 suscita
583 1496 693 1539 sensus
716 1478 804 1539 tuos:

131 1567 260 1647 optatus
284 1565 339 1627 ille
361 1567 476 1647 portus
499 1564 659 1627 aerumnis
684 1564 779 1626 adest.
1094 1583 1144 1642 799

129 1653 230 1716 festus
254 1653 321 1716 dies
345 1656 401 1716 est.
449 1651 675 1717 euarestus
700 1657 732 1717 et
750 1651 864 1717 Troiae
886 1652 957 1716 fuit.

128 1757 233 1806 AGAM.
252 1741 451 1805 Veneremur
474 1763 551 1805 aras.
594 1757 683 1806 cass.
706 1739 829 1805 Cecidit
852 1745 925 1805 ente
950 1763 1020 1807 aras
1044 1748 1142 1827 pater.

128 1847 233 1895 noan.
253 1828 362 1895 Iovem
381 1851 548 1914 preoemnr
565 1829 692 1913 pariter.
727 1847 815 1894 cass
834 1829 995 1895 Herceum
1009 1828 1144 1896 Iovem?

128 1936 234 1983 noan.
254 1917 364 1983 Credis
378 1920 485 1983 videre
499 1923 531 1982 te
545 1917 663 1983 Ilium?
697 1934 787 1982 cess,
801 1917 846 1982 Et
857 1917 1023 1983 Priamum
1038 1921 1142 1985 simul.

130 2024 236 2072 nonu.
259 2006 323 2072 Hie
338 2008 434 2072 Troia
448 2029 514 2072 non
528 2011 585 2071 est.
624 2024 713 2072 cass
738 2006 862 2072 Helena
880 2008 936 2072 ubi
951 2012 1000 2072 est
1014 2007 1142 2075 Troiam

927 2100 1016 2181 puto.
1094 2116 1143 2162 res

128 2201 233 2248 noan.
256 2184 307 2250 Ne
321 2189 428 2249 metue
443 2185 606 2249 dominam
619 2183 748 2249 famula.
784 2201 873 2250 cAss.
883 2186 1030 2250 Libertas
1046 2188 1143 2252 adest.

128 2290 233 2337 AGAM.
258 2273 375 2338 Secura
398 2275 477 2338 vive.
526 2290 614 2338 cass.
639 2272 721 2337 Mihi
744 2275 826 2337 mori
850 2278 898 2339 est
920 2276 1086 2340 securitas.

128 2379 233 2427 AGAM.
257 2362 393 2428 Nullum
408 2367 457 2427 est
475 2363 630 2447 periclum
646 2362 782 2427 tibimet.
821 2379 910 2428 CASS.
929 2362 975 2428 At
989 2386 1143 2450 magnum

927 2452 997 2516 tibi.

128 2557 233 2604 noan.
253 2539 367 2604 Viator
381 2541 493 2604 timere
508 2539 586 2624 quid
599 2540 729 2623 potest?
754 2557 843 2605 cass.
854 2539 947 2616 Quod
960 2563 1028 2605 non
1042 2543 1143 2607 timet.

128 2645 234 2693 AGAM.
258 2628 351 2694 Hane
365 2630 430 2693 fida
443 2629 557 2693 famuli
571 2629 679 2712 turba,
698 2628 774 2692 dnm
790 2631 930 2695 exentiat
944 2629 1055 2714 deum,
1093 2648 1144 2696 800

100 2774 102 2778 .
128 2719 263 2782 retinete
286 2741 326 2782 ne
351 2719 428 2802 quid
442 2720 612 2801 impotens
634 2721 746 2800 peooet
768 2719 865 2782 furor.

127 2811 161 2870 at
183 2811 229 2891 te,
252 2812 352 2891 patar,
376 2807 431 2891 qui
455 2830 548 2871 saeva
571 2811 702 2890 torques
725 2807 862 2872 fulmina

11 2966 13 2973 ,
128 2896 286 2979 pellisque
309 2896 426 2980 nubes,
450 2896 553 2960 sidera
576 2899 613 2959 et
631 2900 731 2961 terras
754 2897 852 2979 regis,

127 2984 168 3046 ad
191 3006 286 3067 quem
309 2984 467 3069 triumphi
490 2985 594 3068 spolia
616 2985 753 3048 victores
775 2985 896 3069 fenmt,

129 3076 161 3136 et
184 3077 216 3137 te
239 3095 380 3138 sororem
405 3077 520 3140 onnota
542 3073 694 3158 pollentis
717 3074 792 3157 viri,
1092 3091 1144 3140 805

199 3217 251 3265 778
269 3212 348 3268 lauro
367 3220 390 3266 A
411 3216 414 3283 t
438 3229 594 3284 agamenon
613 3218 663 3264 ΕΔ
690 3215 699 3282 ΙΙ
726 3218 778 3265 780
798 3212 954 3279 coniuxque
972 3213 1082 3280 pariter
1100 3219 1123 3266 A
1136 3217 1145 3282 ΙΙ

66 3310 70 3318 -
128 3287 176 3334 781
194 3282 323 3352 ridetque
341 3291 363 3337 E
385 3288 394 3353 ΙΙ
417 3290 469 3338 785
488 3303 515 3354 p.
531 3285 562 3337 A.
579 3283 693 3337 domina
711 3284 827 3352 Bentley
847 3284 856 3351 ΙΙ
879 3288 933 3336 788
951 3299 1000 3336 cnr
1018 3284 1076 3338 ista
1094 3289 1118 3336 A
1135 3289 1145 3353 ΙΙ

127 3358 179 3406 787
190 3356 493 3420 afferturabdtdhetmo
501 3356 627 3423 oflpraof.
637 3371 657 3409 o.
664 3355 702 3407 ΙΙ
709 3356 779 3423 11788
789 3352 979 3407 herculeumA
987 3355 1030 3409 M.
1038 3357 1144 3410 Malles

124 3441 153 3493 p.
169 3429 202 3478 41
222 3427 262 3479 sio
279 3427 502 3497 dietiuyueadam
519 3432 607 3480 causet
623 3441 742 3479 versum:
760 3442 804 3478 no.
824 3423 879 3478 Iov.
897 3439 1051 3494 precemur.
1072 3444 1141 3480 cass.

126 3494 236 3550 Parite1
255 3496 287 3549 H.
306 3496 434 3566 1718788
454 3497 503 3550 ubi
522 3496 630 3550 Helena
648 3514 675 3551 ω
694 3512 763 3550 sorr.
784 3496 818 3550 B.
837 3495 959 3550 Schmidt
972 3497 982 3565 ΙΙ
996 3501 1048 3550 787
1067 3515 1143 3552 mors

125 3567 195 3620 mihi
214 3568 268 3621 A(v)
288 3571 298 3638 n
312 3572 364 3620 788
383 3568 538 3637 pericnlum
557 3574 578 3621 Ε
595 3570 598 3636 Ι
614 3567 668 3620 tibi
688 3570 731 3621 est
749 3573 772 3619 A

893 3752 897 3760 ι
948 3724 1041 3759 ..r-'ffln
