2394 3990
86 193 202 249 XXVIII
488 193 691 248 PRAEFATIO

86 345 122 405 de
142 346 308 422 septenario
327 344 365 404 ad
379 343 528 403 Acireium
546 364 645 422 regem
665 336 750 425 (Mai,
768 345 852 404 class.
867 347 944 404 auct.
960 344 991 402 V
1007 337 1097 427 588):

87 433 106 493 d
129 435 231 493 littera
254 436 286 491 in
308 435 323 492 t
344 435 561 493 transmutatur
576 480 581 490 .
596 435 631 491 ut
648 432 758 491 Lucius
780 432 902 493 Annens
930 427 1047 494 Seneca
1068 437 1097 494 in

89 526 170 582 sexto
193 522 343 581 volumine
366 524 539 582 tetrametro
561 521 820 598 brachycatalecto
842 524 885 581 sic
908 524 966 582 ait:

166 613 375 689 geminumque
390 612 522 688 duplices
536 611 633 689 Argos
648 611 762 670 attollit
775 610 879 670 <lomus
894 605 966 690 [Ag.
984 606 1065 692 729]

86 702 116 760 et
138 701 229 759 iufra:

177 789 268 848 dubia
290 789 375 848 labat
397 792 509 849 ceruice
524 835 530 846 .
545 789 660 863 famuli,
684 788 835 848 attollite.
851 783 920 867 [Ag.
937 783 1018 869 787]

88 875 130 936 Of.
149 877 182 936 L.
201 878 310 937 Mttllor
331 878 387 936 Rh.
405 878 480 938 Mus.
496 879 547 953 32,
562 878 613 954 85,
636 876 696 937 Leo
717 877 779 936 Eol.
798 876 893 955 Lugd.
912 898 940 954 p.
956 880 1009 936 41.

155 987 204 1042 14.
233 985 455 1044 Theodnlfus
483 985 507 1059 I,
531 985 594 1044 375
619 976 677 1065 (ed.
701 984 863 1042 Dflmmler.
898 983 977 1043 Mon.
1002 982 1096 1045 Germ.

85 1073 154 1133 hIst.
177 1074 338 1134 Poetarum
360 1073 537 1133 Latinorum
559 1073 649 1132 medii
673 1075 739 1133 aevi
761 1073 855 1131 1483
879 1072 911 1130 Π
926 1065 1021 1155 694):

203 1182 269 1222 cum
292 1164 402 1240 populo
427 1165 555 1239 stipatus
579 1180 628 1221 eas
651 1163 822 1238 foribusque
845 1161 981 1239 superbis
1052 1192 1055 1197 ·

86 1245 185 1331 [Herc.
201 1252 238 1310 Π.
256 1254 319 1311 607
326 1272 333 1310 :
359 1271 426 1311 eum
444 1254 491 1311 tot
504 1252 622 1328 populis
639 1252 767 1327 stipatus
786 1269 845 1322 ese,
863 1252 896 1309 in
913 1253 961 1310 tot
978 1251 1097 1327 populis

85 1342 135 1400 rix
158 1360 218 1399 una
240 1335 336 1419 fidos]
381 1341 487 1417 Peiper
509 1339 585 1399 Mus.
600 1340 692 1398 Rhen.
709 1341 749 1398 37
766 1331 884 1421 (1877)
897 1359 926 1415 p.
943 1340 1018 1399 537.
1092 1332 1096 1348 ‘

154 1448 204 1505 15.
223 1446 394 1506 Landolfi
413 1445 536 1524 sagacis
555 1446 760 1505 additamenta
778 1445 817 1504 ad
830 1446 919 1505 Pauli
931 1445 1097 1507 HIston'am

85 1535 260 1611 Romanam,
292 1553 370 1594 anno
400 1536 461 1594 fere
486 1535 644 1594 millesimo
667 1537 786 1611 scripta.
827 1535 1030 1596 Wattsnbach
1054 1527 1098 1610 1⁶,

88 1625 149 1682 166
170 1646 198 1683 n.
214 1627 242 1683 4.
274 1625 404 1683 Monum.
424 1621 520 1682 Germ.
539 1624 608 1682 hist.
623 1623 710 1683 Auct.
729 1624 931 1699 antiquissimi
949 1624 988 1682 H.
1008 1624 1097 1685 Bero-

85 1713 140 1771 lini
168 1714 268 1772 1879:
300 1713 388 1772 huius
412 1707 567 1792 [Neronis]
595 1713 778 1789 temporibus
805 1712 960 1790 pollebant
987 1713 1098 1774 Romae

87 1805 173 1879 poete
191 1802 340 1878 Lucanus,
359 1799 493 1876 Ovidius,
514 1803 628 1860 satirici
646 1802 796 1861 luvenalis
820 1806 851 1862 et
873 1802 992 1862 Persius
1012 1801 1098 1862 Sene·

86 1909 193 1966 casque
215 1893 356 1969 tragicus,
378 1891 533 1950 Musonius
557 1894 647 1967 atque
670 1890 847 1951 Plutarchus
869 1886 1051 1968 philosophi.

153 1980 204 2039 llis
228 1999 304 2056 quae
327 1980 521 2039 subsecuntur
543 1973 705 2062 saeculis*)
732 1981 793 2040 fere
820 1998 940 2056 prorsus
970 1980 1004 2039 in
1027 1979 1098 2040 obli·

85 2070 204 2128 vionem
233 2069 329 2130 abisse
358 2069 544 2147 tragoediam
568 2069 734 2128 Romanam
763 2069 835 2128 haec
860 2069 982 2128 Notlceri
1010 2069 1098 2128 verba

86 2157 192 2217 docent
215 2150 261 2240 (in
285 2156 465 2218 Commentis
489 2157 526 2217 ad
547 2158 666 2217 Boethii
688 2158 794 2234 philos.
819 2158 1052 2219 consolationem
1069 2157 1099 2216 H
1140 2164 1142 2175 '

85 2265 129 2325 pr.
146 2249 164 2304 2
181 2266 223 2306 ex.
238 2267 266 2323 p.
283 2239 345 2306 52¹³
364 2246 407 2307 ed.
422 2239 606 2329 Hattemer):

198 2335 380 2414 Tragoedias
403 2332 463 2396 sint
486 2336 622 2396 luctuosa
641 2335 780 2394 carmina.
804 2330 866 2395 tlso
885 2332 937 2394 din
955 2331 1025 2396 sint.
1049 2331 1100 2394 dlu

130 2424 282 2501 sophocles
310 2421 404 2484 screrb
427 2424 507 2502 apud
530 2443 631 2503 grecos
657 2425 693 2483 de
717 2424 918 2485 euersionibus
940 2444 1099 2503 regnorum

130 2515 160 2572 et
185 2513 311 2572 urbium.
339 2509 417 2573 rinde
445 2511 506 2573 sint
529 2507 753 2592 uuideruue'rtig
775 2515 838 2573 tien
867 2513 1035 2573 comoediis.
1064 2507 1099 2572 e'u

130 2601 198 2661 dien
228 2599 298 2661 uuir
324 2601 354 2662 io
382 2597 511 2680 gehortn
539 2603 652 2661 laetum
680 2597 758 2662 rinde
788 2603 947 2675 iocundum
979 2604 1098 2661 exitum.

135 2685 210 2752 U‘ns
235 2694 275 2751 ist
301 2692 370 2752 siber
396 2692 620 2751 sartacteta
647 2692 765 2751 deheim
793 2693 878 2751 latici
905 2687 1011 2766 tropici
1029 2687 1099 2769 frio·

129 2782 200 2840 dccc
222 2781 353 2841 wucrdca
376 2826 383 2841 .
407 2780 440 2841 sci
463 2781 541 2839 uuir
554 2778 670 2858 gnfioge
697 2777 799 2839 finden
826 2781 936 2840 latinos
965 2780 1099 2841 comicos.

129 2867 235 2945 Peiper
258 2862 360 2946 Suppl.
383 2891 411 2947 p.
428 2872 479 2930 36.

83 2987 298 2999 --

156 3055 181 3126 *)
200 3055 302 3110 Nescio
322 3071 359 3109 an
378 3056 415 3108 ad
435 3055 598 3126 tragoedias
617 3055 764 3110 referenda
788 3055 826 3110 sit
849 3055 971 3111 Senecae
993 3056 1099 3111 mentio

85 3127 162 3194 apud
194 3127 344 3181 Auctorem
376 3127 490 3196 Dialogi
522 3128 557 3181 de
590 3126 759 3181 Pontificatu
794 3126 819 3181 S.
848 3126 927 3181 Rom.
956 3126 1100 3182 Ecclesiae

86 3196 199 3266 (Libelli
223 3197 257 3251 de
280 3197 332 3252 lite
354 3197 557 3266 Imperatorum
581 3200 609 3252 et
631 3197 800 3252 Pontificum
823 3215 843 3251 s.
858 3197 898 3251 XI
917 3199 945 3252 et
963 3197 1015 3251 XII
1037 3215 1099 3253 oon·

86 3267 192 3338 scripti.
207 3269 333 3324 Hannov.
350 3273 417 3323 1897
433 3269 472 3322 ΠΙ
487 3272 561 3339 527):
585 3269 646 3322 Iam
668 3285 733 3322 vero
755 3269 854 3324 eadem
876 3270 955 3323 varia
977 3269 1100 3324 lectione

84 3343 179 3394 noster
207 3339 271 3394 aliis
299 3339 376 3395 illius
404 3340 506 3394 aetatis
535 3340 717 3409 scriptoribus
744 3341 897 3409 praestitit,
924 3356 981 3408 qua
1007 3340 1100 3396 Rahe·

85 3411 182 3466 winus.
220 3410 306 3464 Novit
333 3413 362 3465 et
389 3411 517 3465 laudavit
542 3413 661 3479 uterque
690 3443 721 3451 —
751 3413 795 3465 ius
823 3411 905 3466 civile
932 3412 1100 3480 Romanum,

85 3481 229 3537 decretum
249 3481 387 3550 Gratiani,
408 3481 580 3550 Sallustium,
600 3481 768 3550 Ciceronem,
787 3482 926 3551 Ovidium,
940 3483 1100 3552 Horatium,

32 3612 40 3629 .
84 3550 237 3622 Lucanum,
256 3553 397 3622 Senecam,
418 3552 562 3607 Sidonium
582 3554 782 3623 Apollinarem.
