2394 3990
90 189 154 252 120
412 190 441 242 L.
457 190 599 244 ANNAEI
617 189 780 245 SENECAE

88 334 179 417 peius
202 336 338 418 precari,
360 336 479 400 liberos
503 336 624 399 similes
646 337 730 419 patri

89 423 272 505 similesque
295 426 400 488 matri.
446 425 638 508 portariam,
661 428 753 508 parta
775 426 857 490 ultio
882 431 944 491 est:

88 512 206 595 peperi.
252 513 395 594 querelas
419 512 579 596 verbaque
602 513 637 576 in
659 533 784 577 cassum
809 516 902 579 sero‘?

87 622 154 664 non
177 600 230 663 ibo
254 601 289 664 in
311 601 442 666 hostes?
465 601 613 665 manibus
637 602 797 666 excutiam
820 603 907 668 faces

88 688 241 771 caeloque
264 690 378 754 lucem.
425 694 548 773 spectat
571 689 633 754 hoc
655 692 758 755 nostri
783 696 871 756 sator

89 775 145 841 Sol
168 779 307 862 generis,
331 782 363 842 et
386 783 558 863 spectatur,
582 782 731 843 11111111
754 780 897 845 insidens

87 888 145 950 per
169 867 264 930 solita
286 868 360 951 puri
383 868 487 951 spatia
510 866 650 932 decurrit
672 868 762 951 poli?

87 977 153 1019 non
175 955 259 1019 redit
280 957 315 1020 in
339 959 427 1020 ortus
451 960 483 1019 11
506 956 674 1019 remetitur
697 955 804 1021 diem?

88 1045 141 1126 da,
164 1045 203 1107 da
226 1067 284 1127 per
306 1067 399 1109 auras
423 1044 569 1108 curribus
591 1044 705 1126 patriis
728 1046 817 1127 vehi,

88 1133 253 1196 committe
276 1133 431 1216 habenas,
454 1133 589 1217 genitor,
613 1136 645 1196 et
667 1133 879 1218 flagrantibus

87 1221 225 1306 ignifera
247 1223 325 1285 loris
348 1222 453 1286 tribue
477 1221 635 1285 moderari
658 1221 747 1306 iuga:
835 1218 850 1272 ‘⁸

88 1311 216 1395 gemino
241 1307 413 1374 Corinthos
436 1310 531 1374 litore
555 1331 722 1393 opponens
745 1332 851 1375 moras

87 1403 227 1462 cremata
248 1399 387 1463 fiammis
410 1399 511 1462 maria
534 1399 716 1462 committat
739 1400 811 1463 duo.

86 1488 148 1551 hoo
170 1491 270 1551 restat
292 1509 406 1569 unum,
429 1487 609 1570 pronubam
633 1487 776 1552 thalamo
799 1489 901 1552 feram

86 1580 123 1638 ut
145 1577 216 1659 ipsa
238 1575 351 1658 pinum
374 1579 512 1659 postque
536 1575 696 1640 sacrificas
718 1598 829 1661 preces

86 1665 215 1728 caedam
239 1665 353 1729 dicatis
376 1665 524 1729 victimas
547 1665 711 1729 altaribus.

86 1776 143 1835 per
165 1754 288 1816 viscera
311 1754 382 1837 ipsa
405 1775 521 1836 quaere
544 1754 704 1837 supplicio
728 1753 827 1837 viam,

87 1843 114 1905 si
137 1843 233 1924 vivis,
256 1843 375 1924 anime,
399 1843 426 1906 si
450 1841 528 1925 quid
551 1843 676 1925 antiqui
699 1843 761 1906 tibi

85 1934 229 1994 remanet
251 1931 386 2016 vigoris3
409 1931 494 2013 pelle
516 1930 673 1995 femineos
697 1935 802 1997 metus

86 2022 118 2082 11
141 2018 370 2103 inhospitalem
393 2017 570 2083 Caucasum
594 2024 701 2084 mente
724 2019 828 2084 indue.
859 2023 862 2030 '

87 2108 311 2190 quodcumque
334 2108 415 2171 vidit
437 2106 561 2171 Pontus
584 2112 640 2172 aut
662 2107 777 2172 Phasis
799 2109 904 2193 nefas,

86 2196 209 2260 videbit
232 2194 382 2260 Isthmos.
428 2197 524 2260 effera
546 2197 658 2282 ignota
680 2196 824 2278 horrida,

85 2285 251 2349 tremenda
274 2287 361 2349 caelo
385 2286 505 2369 pariter
527 2305 564 2348 ao
586 2285 679 2349 terris
703 2286 788 2349 mala

86 2396 176 2438 meus
199 2375 285 2438 intus
310 2375 425 2459 agitat:
448 2375 581 2438 vulnera
604 2378 636 2438 11
660 2375 788 2438 caedem
811 2378 844 2438 11
866 2396 985 2461 vagum

86 2464 183 2527 funus
207 2485 264 2546 per
287 2467 374 2526 artus
397 2500 441 2508 -
464 2464 548 2527 levia
570 2464 746 2527 memoravi
768 2463 878 2528 nimis:

86 2553 165 2617 haec
188 2553 279 2637 virgo
302 2552 379 2636 feci3
401 2552 530 2636 gravior
553 2555 688 2637 exurgat
710 2552 815 2616 dolor:

86 2642 207 2704 maiora
230 2643 294 2704 iam
317 2663 368 2704 me
393 2641 511 2705 scelera
533 2643 608 2723 post
630 2643 742 2724 partus
766 2641 886 2705 decent.
1065 2659 1099 2706 oo

87 2731 253 2815 accingere
277 2731 324 2793 ira
347 2734 442 2813 teque
466 2729 500 2792 in
523 2729 657 2793 exitium
680 2750 759 2813 para
859 2785 864 2796 ,

85 2819 193 2882 furore
216 2822 295 2883 toto.
341 2819 431 2901 paria
453 2822 622 2882 narrentur
643 2822 700 2881 tua

85 2908 218 2989 repudia
240 2907 404 2971 thalamis:
429 2928 493 2990 quo
516 2908 621 2970 virum
643 2907 771 2990 linques
794 2906 912 2970 modo‘?

87 2995 149 3058 hoc
173 3017 236 3078 quo
262 3000 370 3060 secuta
394 3017 435 3059 es.
480 3017 594 3078 rumpe
617 2995 681 3059 iam
705 3017 819 3081 segnes
841 3016 962 3060 moras:

88 3106 169 3166 quae
188 3085 306 3148 scelere
325 3088 417 3167 parta
436 3088 497 3167 est,
517 3086 633 3149 scelere
651 3084 828 3168 linquenda
840 3086 889 3148 cst
903 3084 1027 3148 domus.
1068 3100 1099 3148 55

157 3261 191 3309 25
210 3257 311 3325 pariat.
338 3257 396 3310 iam
413 3275 441 3327 p.
456 3258 528 3312 uitio
545 3261 587 3312 est
601 3265 622 3312 B
636 3260 646 3328 ll
659 3263 694 3311 26
712 3257 881 3326 111οΔ1123
899 3261 1044 3326 spectator
1057 3264 1078 3310 A
1094 3259 1097 3329 Ι

86 3330 289 3396 11111111ΕΙΙ32
307 3329 504 3398 0111111133
521 3329 637 3384 comitto
650 3335 672 3381 E
686 3331 695 3398 ll
709 3334 743 3381 35
763 3327 906 3382 corinthus
920 3333 943 3380 A
960 3332 964 3398 Ι
981 3328 1059 3383 litori
1072 3347 1098 3383 or

85 3415 153 3454 corr.
171 3399 292 3471 Gronov!
308 3404 342 3452 33
357 3400 701 3472 10111111111111111131
717 3398 1001 3472 pronubamnusll43
1017 3416 1099 3454 causa

86 3472 241 3524 summente
258 3476 280 3522 A
300 3472 353 3538 144
371 3470 467 3540 phasis
486 3474 536 3525 aut
554 3474 656 3540 pontus
675 3476 698 3523 A
716 3474 725 3540 ll
746 3475 780 3523 53
798 3469 903 3538 linquis
922 3487 951 3525 ω
970 3488 1074 3527 corat
1090 3471 1099 3542 ll

86 3546 119 3594 55
139 3544 224 3610 pacta
242 3546 265 3592 A
280 3544 285 3608 Ι
301 3541 444 3608 linquetur
463 3543 561 3596 domus
579 3547 602 3594 A
621 3541 766 3609 linquatur
784 3541 810 3595 d.
829 3559 850 3596 a
