2394 3990
62 1703 561 1827 HEROVLES
614 1705 1075 1827 [OETAEVS]

143 2465 164 2503 N
170 2465 223 2504 oia.
257 2465 382 2505 Herculem
401 2464 511 2505 Oetaeum
530 2475 544 2504 a
563 2464 649 2505 Seneca
667 2464 845 2504 abiudicandam
864 2476 913 2505 essa
931 2467 1006 2504 totam
1024 2466 1077 2512 post

60 2519 89 2557 N.
97 2518 221 2557 Heinsium
236 2522 260 2557 et
271 2518 322 2558 llio.
334 2517 466 2559 Bentleium
484 2518 570 2566 etipse
585 2518 700 2566 quondam
714 2521 840 2557 statueram
858 2518 901 2569 (De
916 2518 1003 2558 Seneca
1017 2521 1075 2566 trag.

61 2573 158 2611 auctore
178 2583 199 2618 p.
214 2571 248 2623 ³1)
269 2574 293 2611 et
312 2572 354 2611 Tin
372 2573 424 2611 Birt
444 2571 527 2610 statuit
547 2570 614 2622 (Mus.
633 2571 705 2610 Rhen.
725 2573 751 2612 ³4
769 2583 791 2619 p.
805 2571 864 2623 509);
887 2572 985 2611 sublatis
1006 2571 1076 2610 initio

61 2624 157 2664 fabulae
171 2623 199 2675 (ν.
214 2624 302 2676 1-232)
320 2628 344 2664 et
356 2625 401 2664 fine
416 2624 476 2675 (1691
491 2624 548 2676 sqq.)
564 2624 687 2673 genuinam
701 2625 803 2673 relinqui
817 2625 918 2665 Senecae
931 2624 1076 2672 tragoediam

61 2679 86 2717 P.
101 2677 238 2717 Habrucker
258 2678 358 2718 coniecit
378 2678 479 2730 (Quaeri.
497 2677 638 2718 Annaeanae
656 2690 677 2726 p.
692 2678 733 2730 49).
768 2679 846 2719 Solam
864 2679 964 2726 priorem
983 2677 1076 2716 fabulae

61 2734 152 2780 partam
166 2729 263 2782 (1-705)
277 2743 291 2770 a
306 2731 392 2772 Seneca
406 2743 455 2772 esse
469 2733 598 2780 profectam
611 2743 710 2780 eumque
718 2734 833 2781 integram
843 2733 870 2772 de
881 2731 989 2771 Herculis
1003 2733 1075 2769 morte

60 2786 207 2833 tragoediam
226 2786 325 2826 scribere
343 2785 369 2824 in
386 2788 461 2825 mente
486 2797 534 2825 non
551 2785 659 2826 habuisse
679 2785 706 2825 F.
720 2786 766 2826 Leo
791 2786 882 2834 copiose
901 2786 1076 2834 argumentatur

61 2839 142 2891 (1⁷4);
164 2839 268 2888 singulas
291 2838 368 2888 potius
389 2851 441 2878 eum
462 2839 581 2886 scripsisse
605 2851 710 2889 scaenas,
732 2841 828 2879 alteram
847 2840 875 2878 de
893 2837 1023 2887 virginibus
1047 2848 1076 2876 ex

62 2893 174 2934 Oechalia
183 2893 295 2943 abductis,
305 2893 401 2932 alteram
410 2893 439 2932 de
448 2892 572 2932 Deianirae
582 2893 703 2942 zelotypia.
726 2893 767 2932 cui
774 2894 808 2932 ita
816 2893 941 2932 assentitur
948 2890 973 2929 L.
982 2891 1076 2930 'l'achau

61 2947 155 2997 (Philol.
165 2945 241 2986 XLVI
255 2948 327 2994 [1887]
343 2958 364 2994 p.
375 2945 434 2997 ³78),
452 2949 520 2986 utne
534 2945 656 2994 prologum
670 2947 763 2994 quidem
781 2950 803 2985 et
818 2946 879 2994 quod
892 2945 997 2992 sequitur
1011 2944 1076 2983 chori

62 3011 158 3041 carmen
172 2998 201 3050 (v.
216 2999 304 3051 1-1‘12)
319 2999 408 3047 abipso
418 3000 555 3048 philosopho
565 2999 629 3039 facta
638 3010 687 3040 esee
698 3002 796 3039 censeat.
823 2998 966 3047 Argumenta
976 3009 989 3036 a
999 2998 1076 3037 Leone

60 3054 155 3102 prolata
173 3053 257 3092 acriter
276 3053 423 3102 impugnavit
443 3064 470 3092 ac
491 3054 615 3092 maximam
636 3057 724 3101 partem
745 3055 782 3092 vel
802 3052 928 3091 infirmavit
948 3053 986 3091 vel
1006 3052 1076 3090 diluit

60 3109 84 3147 Ρ.
99 3107 187 3146 Melzer
205 3107 367 3146 dissertatione
382 3107 409 3145 ds
423 3106 524 3146 Hercule
539 3107 623 3146 Oetaeo
636 3106 764 3146 Annaeana
782 3105 947 3155 programmati
961 3105 1076 3154 gymnasii

60 3160 232 3200 Ohemnitaiani
246 3161 326 3200 addita
340 3159 417 3212 (1890),
432 3161 465 3199 sic
479 3163 583 3200 statuens
597 3161 699 3199 fabulam
712 3171 725 3198 a
739 3163 808 3207 poeta
817 3159 917 3198 breviter
931 3159 1076 3209 delineatam,

60 3226 109 3254 non
123 3215 253 3254 absolutam
267 3216 290 3253 et
304 3214 443 3261 perpolitam
457 3224 516 3264 esse;
536 3213 690 3262 composuisse
705 3225 756 3252 eum
771 3213 874 3262 singulas
888 3223 994 3262 scaenas,
1012 3215 1075 3251 ante-

60 3279 130 3316 quam
150 3268 177 3306 de
195 3267 267 3306 totius
285 3267 378 3308 fabulae
395 3267 493 3307 consilio
507 3271 530 3306 et
544 3268 624 3307 ordine
639 3267 695 3306 satis
709 3267 731 3306 ei
745 3270 871 3318 constaret,
893 3277 947 3306 nam
961 3268 984 3304 et
998 3267 1076 3314 plures

59 3321 163 3361 inveniri
181 3320 284 3360 eiusdem
298 3320 392 3361 consilii
410 3331 504 3360 scaenas
518 3323 542 3360 et
560 3321 620 3359 male
635 3321 783 3359 cohaerentes
797 3323 820 3358 et
833 3321 894 3359 inter
908 3331 932 3359 se
946 3323 1076 3368 pugnantes

60 3385 137 3424 neque
146 3374 300 3415 dubitandum
308 3373 391 3424 videri,
400 3374 456 3423 quin
466 3375 560 3427 Seneca,
570 3375 590 3414 si
599 3377 726 3412 extremum
736 3374 880 3422 perpoliendi
888 3373 964 3420 operis
974 3373 1075 3412 laborem

60 3427 219 3480 adhibuisset,
237 3427 343 3478 malis
360 3427 420 3468 lacis
433 3427 515 3467 deletis
529 3428 555 3467 in
569 3428 663 3468 solitum
677 3438 784 3466 versuum
797 3439 917 3467 numerum
932 3425 1075 3475 tragoediam

58 3481 135 3522 ruerit
147 3483 313 3529 mincium
322 3479 405 3534 (li-18).
432 3481 513 3529 Neque
521 3492 582 3522 nova
590 3481 658 3520 Pauli
667 3481 759 3521 Barthil
768 3481 895 3529 Lipsiensis
905 3478 1074 3529 argumentatio

58 3544 104 3591 per
116 3535 210 3577 littam
221 3544 312 3595 murs
324 3533 494 3583 manicata
512 3545 539 3577 ec
557 3535 631 3586 valet,
650 3538 675 3573 ut
694 3539 754 3575 stare
769 3535 843 3584 possit
855 3533 943 3574 Leonis
955 3531 1076 3572 sententia

211 3660 214 3665 .
226 3628 274 3667 ·:‚'·j.='
283 3630 286 3635 '
351 3640 361 3663 ¹.
373 3624 403 3655 ’ῥ’
423 3624 426 3629 ’

24 3704 29 3711 .
110 3696 113 3700 -
141 3674 168 3711 -’·ι’
180 3674 217 3711 .-·.:‘.
227 3654 406 3711 ,·ι“ἱ“ὼῡ.’-’-.ι““ιὲἰ”ἑὲ)ἶὶ
421 3696 437 3711 ι.
