2394 3990
94 195 137 259 94
416 194 445 247 L.
461 193 602 246 ANNAEI
621 192 785 247 SENECAE

93 338 173 404 Inoa
195 361 305 424 rupes,
329 362 392 424 qua
415 339 517 404 scelus
540 339 668 424 fugiens
690 360 811 403 novum

93 451 276 512 novumque
299 429 419 493 faciens
442 433 544 492 maier
566 427 693 492 insiluii
714 428 797 492 freto

93 540 237 582 mersura
258 523 371 581 natum
395 539 491 601 seque
514 554 558 563 -
580 515 689 580 felices
714 516 830 600 quibus

92 607 223 671 fortuna
246 608 360 671 melior
382 610 449 670 tam
471 606 573 670 bonas
595 609 713 670 matres
737 605 832 670 dedit.

93 700 142 759 est
164 697 246 759 alius
269 697 341 759 istis
364 699 473 760 noster
495 695 530 759 in
553 694 642 759 silvis
665 694 769 778 loeus,

93 785 149 869 qui
172 806 223 848 me
226 785 399 868 reposui,
422 784 509 848 huno
530 786 639 868 petam
662 805 756 848 eursu
779 784 893 870 incit03

92 896 159 938 non
181 873 285 938 haesit
286 874 353 938 abit
339 877 519 960 t,gressus
542 872 605 937 huo
629 873 717 936 omni
740 873 819 938 duee

93 962 249 1046 spoliatus
273 963 335 1027 ibo.
382 962 459 1046 quid
481 982 591 1026 moror
614 962 703 1026 sedes
726 961 837 1027 meas?
938 1004 940 1008 ν

91 1056 242 1135 mortem,
266 1049 451 1135 Cithaeron,
474 1049 570 1114 redde
594 1054 627 1114 et
648 1050 827 1134 hospitium
850 1052 932 1116 mihi

91 1141 172 1204 illud
194 1163 301 1205 meum
324 1141 471 1224 restitue,
494 1144 531 1203 ut
554 1141 696 1223 expirem
720 1161 817 1204 senex

91 1230 148 1293 ubi
171 1229 266 1293 debui
289 1230 404 1293 infans.
449 1229 556 1312 reoipe
580 1226 775 1312 supplicium
797 1233 898 1294 vetus.

92 1341 216 1402 semper
239 1322 369 1383 eruente
393 1340 485 1383 saeve
509 1317 647 1382 crudelis
668 1317 774 1401 ferox,

90 1429 163 1471 oum
188 1407 305 1472 oooidis
329 1411 361 1471 et
384 1429 457 1472 oum
480 1407 599 1490 parcis,
624 1406 702 1470 olim
725 1404 789 1471 iam
813 1410 905 1470 tuum

91 1502 139 1560 est
160 1497 223 1560 hoe
247 1497 391 1560 cadaver:
415 1517 532 1581 perage
554 1495 742 1559 mandatum
764 1496 880 1581 patris,

91 1586 154 1648 iam
178 1589 210 1649 et
233 1585 353 1648 matris.
400 1586 525 1649 animus
550 1586 648 1671 gestit
671 1585 805 1668 antiqua
827 1586 960 1668 exsequi

90 1673 255 1757 supplicia.
302 1674 379 1757 quid
402 1695 453 1738 me
458 1678 577 1758 ‚naua7
600 1673 753 1758 pestifero
776 1678 866 1738 tenes

90 1785 197 1828 amore
219 1763 387 1827 vinetum?
411 1725 526 1845 quidt
512 1764 623 1826 tenes?
647 1763 775 1848 genitor
796 1766 900 1827 vocat.

89 1874 214 1952 sequor,
237 1874 362 1954 sequor,
384 1852 449 1915 iam
472 1873 575 1954 parce.
622 1851 833 1937 sanguineum
856 1873 971 1937 gerens

89 1942 214 2025 insigne
237 1942 329 2026 regni
351 1940 448 2004 Laius
471 1941 556 2024 rapti
529 1941 670 2027 tfurit3

90 2051 128 2092 en
152 2051 238 2113 eooe,
261 2031 371 2093 inanes
395 2030 543 2094 monibus
566 2030 673 2095 infest'
650 2034 691 2094 trs
715 2030 799 2113 petit

88 2119 234 2201 foditque
256 2120 373 2183 vultus.
419 2122 475 2182 nat
476 2142 508 2203 a,
531 2121 709 2204 genitorem
734 2118 843 2183 vides?

88 2229 148 2292 ego
171 2208 273 2272 video.
320 2207 449 2271 tandem
473 2208 622 2291 spiritum
645 2208 812 2271 inimicum
836 2230 955 2293 expne,

89 2297 230 2360 desertor
252 2297 371 2380 anime,
394 2297 487 2361 fortis
510 2298 545 2360 in
567 2301 691 2381 partem
715 2297 772 2361 tui.

89 2387 202 2450 omitte
225 2407 346 2469 poenae
369 2385 538 2471 languidas
561 2387 677 2472 longae
700 2407 806 2450 moras

88 2479 288 2558 mortemque
312 2480 414 2539 totam
438 2475 585 2559 admitte3
608 2474 685 2560 quid
708 2475 816 2560 segnis
839 2475 933 2540 traho

88 2565 174 2647 quod
197 2564 293 2629 vivo?
315 2564 441 2627 nullum
463 2564 567 2629 faeere
590 2564 654 2627 iam
678 2585 810 2647 possum
833 2565 961 2628 scelus?

87 2676 219 2736 possum
242 2654 347 2737 miser,
370 2653 518 2737 praedico
544 2692 585 2699 —
609 2653 734 2717 diseede
757 2675 776 2717 a
798 2657 902 2737 patre,

88 2743 226 2827 diseede,
249 2743 349 2828 virgo.
396 2743 494 2806 timeo
517 2746 594 2826 post
611 2747 746 2806 matrem
770 2743 886 2807 omnia.

86 2850 165 2896 ΑΝΤ.
188 2831 248 2896 Vis
271 2831 376 2914 nulla,
400 2832 535 2916 genitor,
559 2853 578 2894 a
599 2834 656 2894 tuo
680 2836 823 2896 nostram
846 2853 979 2895 manum

87 2942 220 3005 corpore
243 2923 395 3005 resolvet,
418 2941 512 2985 nemo
536 2943 587 2984 me
611 2921 761 2985 comitem
784 2919 845 2983 tibi

88 3010 202 3093 eripiet
225 3032 386 3093 umquam.
431 3008 573 3074 Labdaci
599 3010 717 3073 olaram
741 3008 884 3094 domum,

158 3207 192 3254 23
211 3201 316 3270 Inoque
335 3218 450 3271 preceps
465 3207 488 3254 A
510 3202 602 3256 Minor
619 3201 733 3270 rupisE
754 3217 821 3256 corr.
839 3200 950 3256 Gronov
967 3205 971 3270 Ι
987 3201 1095 3272 fugiens

87 3290 167 3325 suum
182 3289 210 3326 ω
228 3288 295 3327 corr.
311 3274 409 3341 Perper
422 3276 431 3342 ΙΙ
445 3278 476 3326 31
493 3277 616 3327 montem
631 3278 653 3325 A
673 3275 776 3326 sortem
789 3272 827 3326 N.
840 3272 977 3328 Heinsius
992 3290 1022 3343 p.
1037 3277 1071 3328 45
1087 3275 1096 3341 ΙΙ

87 3349 121 3395 4ο
137 3343 303 3412 sanguinem
316 3360 404 3413 genus
419 3349 455 3396 At
472 3347 482 3414 u
495 3350 530 3398 42
545 3347 574 3398 et
588 3359 652 3398 ecoe
666 3348 688 3395 A
703 3347 711 3414 u
725 3349 760 3397 44
773 3361 832 3398 uxr.
848 3348 933 3414 egoA
950 3347 953 3414 Ι
971 3360 1041 3399 exue
1055 3348 1076 3396 A
1089 3346 1097 3411 ΙΙ

86 3420 120 3467 45
140 3434 201 3468 oen.
217 3417 308 3484 praef.
323 3420 346 3467 A
362 3418 366 3485 Ι
382 3417 408 3468 d.
428 3415 539 3469 animae
557 3415 576 3470 f.
596 3416 773 3484 inpetentem
792 3415 875 3468 tuin
902 3417 912 3484 ΙΙ
939 3420 975 3469 46
994 3431 1097 3485 poenas

86 3487 103 3540 l.
119 3486 136 3539 l.
152 3503 246 3541 morae
266 3504 293 3541 ω
316 3503 382 3541 corr.
401 3488 483 3542 Grote
509 3490 518 3555 ΙΙ
545 3493 578 3540 47
598 3506 633 3542 m.
653 3490 673 3542 t.
690 3487 784 3555 recipe
804 3491 827 3538 A
848 3504 885 3540 m.
900 3490 920 3541 t.
935 3487 1032 3556 recipe
1051 3487 1098 3540 ad·

86 3559 167 3613 mitte
185 3565 206 3611 Ε
221 3561 277 3628 {148
297 3558 366 3627 quid
384 3576 412 3613 ω
431 3574 498 3613 corr.
515 3558 625 3613 Gronov
638 3561 648 3628 11
662 3564 696 3612 52
716 3558 846 3612 comitem
864 3557 908 3611 tui
925 3562 949 3610 A
