<?xml version="1.0" encoding="UTF-8"?>
<!DOCTYPE html PUBLIC "-//W3C//DTD XHTML 1.0 Transitional//EN"
    "http://www.w3.org/TR/xhtml1/DTD/xhtml1-transitional.dtd">
<html xmlns="http://www.w3.org/1999/xhtml" xml:lang="en" lang="en">
 <head>
  <title>
</title>
<meta http-equiv="Content-Type" content="text/html;charset=utf-8" />
  <meta name='ocr-system' content='tesseract 3.04.00' />
  <meta name='ocr-capabilities' content='ocr_page ocr_carea ocr_par ocr_line ocrx_word'/>
</head>
<body>
  <div class='ocr_page' id='page_1' title='image "./tragoediae01senegoog_0019.png"; bbox 0 0 2394 3990; ppageno 0'>
   <div class='ocr_carea' id='block_1_1' title="bbox 131 185 745 241">
    <p class='ocr_par' dir='ltr' id='par_1_1' title="bbox 131 185 745 241">
     <span class='ocr_line' id='line_1_1' title="bbox 131 185 745 241; baseline -0.003 0"><span class='ocrx_word' id='word_1_1' title='bbox 131 186 197 241; x_wconf 89' lang='lat' dir='ltr'>XIV</span> <span class='ocrx_word' id='word_1_2' title='bbox 540 185 745 240; x_wconf 79' lang='lat' dir='ltr'>PRAEFATIO</span> 
     </span>
    </p>
   </div>
   <div class='ocr_carea' id='block_1_2' title="bbox 133 337 1190 2991">
    <p class='ocr_par' dir='ltr' id='par_1_2' title="bbox 133 337 1155 930">
     <span class='ocr_line' id='line_1_2' title="bbox 134 337 1155 415; baseline 0.003 -19"><span class='ocrx_word' id='word_1_3' title='bbox 134 338 333 397; x_wconf 81' lang='lat' dir='ltr'>Trevethiano</span> <span class='ocrx_word' id='word_1_4' title='bbox 360 337 437 396; x_wconf 85' lang='lat' dir='ltr'><strong>nihil</strong></span> <span class='ocrx_word' id='word_1_5' title='bbox 468 339 586 397; x_wconf 87' lang='lat' dir='ltr'>constat</span> <span class='ocrx_word' id='word_1_6' title='bbox 613 337 662 395; x_wconf 84' lang='lat' dir='ltr'>vel</span> <span class='ocrx_word' id='word_1_7' title='bbox 690 339 780 395; x_wconf 90' lang='lat' dir='ltr'>ceteri</span> <span class='ocrx_word' id='word_1_8' title='bbox 805 340 907 396; x_wconf 89' lang='lat' dir='ltr'>contra</span> <span class='ocrx_word' id='word_1_9' title='bbox 930 358 945 395; x_wconf 84' lang='grc' dir='ltr'><em>τ</em></span> <span class='ocrx_word' id='word_1_10' title='bbox 967 341 1155 415; x_wconf 87' lang='lat' dir='ltr'>conspirant</span> 
     </span>
     <span class='ocr_line' id='line_1_3' title="bbox 133 426 1154 504; baseline 0.002 -18"><span class='ocrx_word' id='word_1_11' title='bbox 133 427 260 486; x_wconf 75' lang='lat' dir='ltr'><strong>Restant</strong></span> <span class='ocrx_word' id='word_1_12' title='bbox 278 426 419 485; x_wconf 87' lang='lat' dir='ltr'>lectiones</span> <span class='ocrx_word' id='word_1_13' title='bbox 438 426 585 503; x_wconf 78' lang='lat' dir='ltr'>quaedam</span> <span class='ocrx_word' id='word_1_14' title='bbox 603 428 733 484; x_wconf 77' lang='lat' dir='ltr'>incertae</span> <span class='ocrx_word' id='word_1_15' title='bbox 753 427 886 503; x_wconf 85' lang='lat' dir='ltr'>originis,</span> <span class='ocrx_word' id='word_1_16' title='bbox 904 426 1011 502; x_wconf 89' lang='lat' dir='ltr'>quibus</span> <span class='ocrx_word' id='word_1_17' title='bbox 1030 428 1154 504; x_wconf 88' lang='lat' dir='ltr'>quidem</span> 
     </span>
     <span class='ocr_line' id='line_1_4' title="bbox 135 515 1152 592; baseline 0 -16"><span class='ocrx_word' id='word_1_18' title='bbox 135 517 211 576; x_wconf 80' lang='lat' dir='ltr'>vitia</span> <span class='ocrx_word' id='word_1_19' title='bbox 235 517 333 592; x_wconf 90' lang='lat' dir='ltr'>priore</span> <span class='ocrx_word' id='word_1_20' title='bbox 358 534 431 575; x_wconf 84' lang='lat' dir='ltr'>aevo</span> <span class='ocrx_word' id='word_1_21' title='bbox 450 517 604 574; x_wconf 85' lang='lat' dir='ltr'>contracta</span> <span class='ocrx_word' id='word_1_22' title='bbox 626 515 675 574; x_wconf 87' lang='lat' dir='ltr'>vel</span> <span class='ocrx_word' id='word_1_23' title='bbox 698 515 817 574; x_wconf 90' lang='lat' dir='ltr'>sublata</span> <span class='ocrx_word' id='word_1_24' title='bbox 837 516 886 574; x_wconf 86' lang='lat' dir='ltr'>vel</span> <span class='ocrx_word' id='word_1_25' title='bbox 908 515 1061 591; x_wconf 87' lang='lat' dir='ltr'>probabili</span> <span class='ocrx_word' id='word_1_26' title='bbox 1083 537 1152 578; x_wconf 90' lang='lat' dir='ltr'>con·</span> 
     </span>
     <span class='ocr_line' id='line_1_5' title="bbox 133 603 1150 679; baseline 0.005 -16"><span class='ocrx_word' id='word_1_27' title='bbox 133 608 249 664; x_wconf 87' lang='lat' dir='ltr'>iectura</span> <span class='ocrx_word' id='word_1_28' title='bbox 278 606 397 663; x_wconf 90' lang='lat' dir='ltr'>tentata</span> <span class='ocrx_word' id='word_1_29' title='bbox 430 604 596 663; x_wconf 86' lang='lat' dir='ltr'>videantrn·.</span> <span class='ocrx_word' id='word_1_30' title='bbox 648 603 706 662; x_wconf 82' lang='lat' dir='ltr'>Eas</span> <span class='ocrx_word' id='word_1_31' title='bbox 734 615 760 679; x_wconf 78' lang='grc' dir='ltr'><strong><em>ψ</em></strong></span> <span class='ocrx_word' id='word_1_32' title='bbox 792 604 895 664; x_wconf 89' lang='lat' dir='ltr'>littera</span> <span class='ocrx_word' id='word_1_33' title='bbox 926 605 1039 663; x_wconf 89' lang='lat' dir='ltr'>notavi.</span> <span class='ocrx_word' id='word_1_34' title='bbox 1086 606 1150 669; x_wconf 85' lang='lat' dir='ltr'>Hac</span> 
     </span>
     <span class='ocr_line' id='line_1_6' title="bbox 133 691 1150 768; baseline 0.004 -16"><span class='ocrx_word' id='word_1_35' title='bbox 133 696 249 752; x_wconf 86' lang='lat' dir='ltr'>ratione</span> <span class='ocrx_word' id='word_1_36' title='bbox 279 693 415 752; x_wconf 81' lang='lat' dir='ltr'>adhibita</span> <span class='ocrx_word' id='word_1_37' title='bbox 446 711 506 752; x_wconf 93' lang='lat' dir='ltr'>non</span> <span class='ocrx_word' id='word_1_38' title='bbox 537 711 652 768; x_wconf 90' lang='lat' dir='ltr'>paucae</span> <span class='ocrx_word' id='word_1_39' title='bbox 679 692 819 752; x_wconf 88' lang='lat' dir='ltr'>lectiones</span> <span class='ocrx_word' id='word_1_40' title='bbox 850 694 882 751; x_wconf 93' lang='lat' dir='ltr'>in</span> <span class='ocrx_word' id='word_1_41' title='bbox 910 691 1062 754; x_wconf 79' lang='lat' dir='ltr'>codicibus</span> <span class='ocrx_word' id='word_1_42' title='bbox 1089 697 1150 756; x_wconf 79' lang='lat' dir='ltr'>tna·</span> 
     </span>
     <span class='ocr_line' id='line_1_7' title="bbox 134 780 1148 864; baseline 0.005 -24"><span class='ocrx_word' id='word_1_43' title='bbox 134 783 215 841; x_wconf 89' lang='lat' dir='ltr'>ditae</span> <span class='ocrx_word' id='word_1_44' title='bbox 237 784 347 841; x_wconf 90' lang='lat' dir='ltr'>rectius</span> <span class='ocrx_word' id='word_1_45' title='bbox 370 782 426 840; x_wconf 88' lang='lat' dir='ltr'>hac</span> <span class='ocrx_word' id='word_1_46' title='bbox 445 781 574 840; x_wconf 90' lang='lat' dir='ltr'>editione</span> <span class='ocrx_word' id='word_1_47' title='bbox 593 800 683 856; x_wconf 92' lang='lat' dir='ltr'>quam</span> <span class='ocrx_word' id='word_1_48' title='bbox 706 784 794 840; x_wconf 88' lang='lat' dir='ltr'>antea</span> <span class='ocrx_word' id='word_1_49' title='bbox 811 782 913 858; x_wconf 92' lang='lat' dir='ltr'>potuit</span> <span class='ocrx_word' id='word_1_50' title='bbox 929 780 994 841; x_wconf 88' lang='lat' dir='ltr'>fieri</span> <span class='ocrx_word' id='word_1_51' title='bbox 1011 782 1148 864; x_wconf 79' lang='lat' dir='ltr'>designa·</span> 
     </span>
     <span class='ocr_line' id='line_1_8' title="bbox 133 874 283 930; baseline -0.02 0"><span class='ocrx_word' id='word_1_52' title='bbox 133 875 183 930; x_wconf 89' lang='lat' dir='ltr'>tae</span> <span class='ocrx_word' id='word_1_53' title='bbox 206 874 283 930; x_wconf 90' lang='lat' dir='ltr'>sunt.</span> 
     </span>
    </p>

    <p class='ocr_par' dir='ltr' id='par_1_3' title="bbox 133 959 1190 2903">
     <span class='ocr_line' id='line_1_9' title="bbox 201 959 1148 1035; baseline 0.004 -17"><span class='ocrx_word' id='word_1_54' title='bbox 201 959 352 1029; x_wconf 86' lang='lat' dir='ltr'>Quantum</span> <span class='ocrx_word' id='word_1_55' title='bbox 375 961 494 1035; x_wconf 85' lang='lat' dir='ltr'>utrique</span> <span class='ocrx_word' id='word_1_56' title='bbox 517 959 681 1018; x_wconf 77' lang='lat' dir='ltr'>recensioni</span> <span class='ocrx_word' id='word_1_57' title='bbox 707 959 798 1035; x_wconf 88' lang='lat' dir='ltr'>pretii</span> <span class='ocrx_word' id='word_1_58' title='bbox 825 961 855 1017; x_wconf 88' lang='lat' dir='ltr'>et</span> <span class='ocrx_word' id='word_1_59' title='bbox 882 961 1072 1020; x_wconf 78' lang='lat' dir='ltr'>auctoritatis</span> <span class='ocrx_word' id='word_1_60' title='bbox 1096 962 1148 1022; x_wconf 82' lang='lat' dir='ltr'>tn·-</span> 
     </span>
     <span class='ocr_line' id='line_1_10' title="bbox 133 1048 1147 1125; baseline 0.003 -17"><span class='ocrx_word' id='word_1_61' title='bbox 133 1049 284 1109; x_wconf 93' lang='lat' dir='ltr'>buendum</span> <span class='ocrx_word' id='word_1_62' title='bbox 303 1050 352 1123; x_wconf 87' lang='lat' dir='ltr'>sit,</span> <span class='ocrx_word' id='word_1_63' title='bbox 369 1068 406 1107; x_wconf 92' lang='lat' dir='ltr'>ne</span> <span class='ocrx_word' id='word_1_64' title='bbox 423 1048 512 1108; x_wconf 90' lang='lat' dir='ltr'>hodie</span> <span class='ocrx_word' id='word_1_65' title='bbox 531 1048 650 1125; x_wconf 92' lang='lat' dir='ltr'>quidem</span> <span class='ocrx_word' id='word_1_66' title='bbox 668 1049 747 1106; x_wconf 87' lang='lat' dir='ltr'>inter</span> <span class='ocrx_word' id='word_1_67' title='bbox 764 1049 844 1107; x_wconf 84' lang='lat' dir='ltr'>viros</span> <span class='ocrx_word' id='word_1_68' title='bbox 862 1048 964 1107; x_wconf 89' lang='lat' dir='ltr'>doctos</span> <span class='ocrx_word' id='word_1_69' title='bbox 987 1051 1062 1109; x_wconf 89' lang='lat' dir='ltr'>satis</span> <span class='ocrx_word' id='word_1_70' title='bbox 1081 1068 1147 1111; x_wconf 86' lang='lat' dir='ltr'>oon-</span> 
     </span>
     <span class='ocr_line' id='line_1_11' title="bbox 134 1136 1147 1212; baseline 0.001 -14"><span class='ocrx_word' id='word_1_71' title='bbox 134 1141 204 1198; x_wconf 88' lang='lat' dir='ltr'>stat.</span> <span class='ocrx_word' id='word_1_72' title='bbox 250 1137 329 1196; x_wconf 88' lang='lat' dir='ltr'>Nam</span> <span class='ocrx_word' id='word_1_73' title='bbox 352 1137 409 1197; x_wconf 92' lang='lat' dir='ltr'>hoc</span> <span class='ocrx_word' id='word_1_74' title='bbox 437 1139 493 1196; x_wconf 90' lang='lat' dir='ltr'>etsi</span> <span class='ocrx_word' id='word_1_75' title='bbox 520 1156 606 1196; x_wconf 92' lang='lat' dir='ltr'>nemo</span> <span class='ocrx_word' id='word_1_76' title='bbox 632 1136 765 1211; x_wconf 86' lang='lat' dir='ltr'>dubitat,</span> <span class='ocrx_word' id='word_1_77' title='bbox 788 1139 860 1212; x_wconf 88' lang='lat' dir='ltr'>quin</span> <span class='ocrx_word' id='word_1_78' title='bbox 888 1136 978 1196; x_wconf 88' lang='lat' dir='ltr'>codex</span> <span class='ocrx_word' id='word_1_79' title='bbox 1003 1136 1147 1199; x_wconf 79' lang='lat' dir='ltr'>Etruscus</span> 
     </span>
     <span class='ocr_line' id='line_1_12' title="bbox 133 1225 1146 1306; baseline 0.001 -20"><span class='ocrx_word' id='word_1_80' title='bbox 133 1247 187 1306; x_wconf 92' lang='lat' dir='ltr'>pro</span> <span class='ocrx_word' id='word_1_81' title='bbox 210 1229 353 1303; x_wconf 89' lang='lat' dir='ltr'>primario</span> <span class='ocrx_word' id='word_1_82' title='bbox 376 1229 475 1286; x_wconf 86' lang='lat' dir='ltr'>textus</span> <span class='ocrx_word' id='word_1_83' title='bbox 495 1226 694 1286; x_wconf 89' lang='lat' dir='ltr'>constituendi</span> <span class='ocrx_word' id='word_1_84' title='bbox 711 1226 904 1285; x_wconf 86' lang='lat' dir='ltr'>fundamento</span> <span class='ocrx_word' id='word_1_85' title='bbox 926 1225 1080 1289; x_wconf 88' lang='lat' dir='ltr'>habendus</span> <span class='ocrx_word' id='word_1_86' title='bbox 1100 1229 1146 1303; x_wconf 85' lang='lat' dir='ltr'>sit,</span> 
     </span>
     <span class='ocr_line' id='line_1_13' title="bbox 133 1315 1147 1377; baseline 0 -1"><span class='ocrx_word' id='word_1_87' title='bbox 133 1317 267 1377; x_wconf 87' lang='lat' dir='ltr'>diversae</span> <span class='ocrx_word' id='word_1_88' title='bbox 298 1319 399 1375; x_wconf 87' lang='lat' dir='ltr'>tamen</span> <span class='ocrx_word' id='word_1_89' title='bbox 432 1316 467 1374; x_wconf 94' lang='lat' dir='ltr'>de</span> <span class='ocrx_word' id='word_1_90' title='bbox 500 1315 622 1374; x_wconf 84' lang='lat' dir='ltr'>alterius</span> <span class='ocrx_word' id='word_1_91' title='bbox 655 1317 833 1376; x_wconf 87' lang='lat' dir='ltr'>auctoritate</span> <span class='ocrx_word' id='word_1_92' title='bbox 866 1315 1030 1375; x_wconf 87' lang='lat' dir='ltr'>sententiae</span> <span class='ocrx_word' id='word_1_93' title='bbox 1060 1316 1147 1376; x_wconf 88' lang='lat' dir='ltr'>hodie</span> 
     </span>
     <span class='ocr_line' id='line_1_14' title="bbox 134 1404 1146 1482; baseline 0.004 -19"><span class='ocrx_word' id='word_1_94' title='bbox 134 1424 252 1482; x_wconf 92' lang='lat' dir='ltr'>quoque</span> <span class='ocrx_word' id='word_1_95' title='bbox 275 1406 419 1463; x_wconf 87' lang='lat' dir='ltr'>feruntur.</span> <span class='ocrx_word' id='word_1_96' title='bbox 458 1404 503 1462; x_wconf 83' lang='lat' dir='ltr'>Ac</span> <span class='ocrx_word' id='word_1_97' title='bbox 525 1422 579 1463; x_wconf 93' lang='lat' dir='ltr'>nos</span> <span class='ocrx_word' id='word_1_98' title='bbox 602 1404 721 1479; x_wconf 90' lang='lat' dir='ltr'>quidem</span> <span class='ocrx_word' id='word_1_99' title='bbox 745 1423 812 1463; x_wconf 93' lang='lat' dir='ltr'>cum</span> <span class='ocrx_word' id='word_1_100' title='bbox 834 1405 866 1462; x_wconf 92' lang='lat' dir='ltr'>in</span> <span class='ocrx_word' id='word_1_101' title='bbox 888 1404 1076 1479; x_wconf 86' lang='lat' dir='ltr'>praefatione</span> <span class='ocrx_word' id='word_1_102' title='bbox 1098 1424 1146 1467; x_wconf 79' lang='lat' dir='ltr'>ve·</span> 
     </span>
     <span class='ocr_line' id='line_1_15' title="bbox 133 1484 1147 1573; baseline 0.001 -20"><span class='ocrx_word' id='word_1_103' title='bbox 133 1496 206 1553; x_wconf 89' lang='lat' dir='ltr'>teris</span> <span class='ocrx_word' id='word_1_104' title='bbox 229 1493 369 1552; x_wconf 89' lang='lat' dir='ltr'>editionis</span> <span class='ocrx_word' id='word_1_105' title='bbox 388 1484 542 1573; x_wconf 87' lang='lat' dir='ltr'>(pXVH)</span> <span class='ocrx_word' id='word_1_106' title='bbox 564 1495 606 1551; x_wconf 92' lang='lat' dir='ltr'>sic</span> <span class='ocrx_word' id='word_1_107' title='bbox 624 1495 838 1568; x_wconf 87' lang='lat' dir='ltr'>statuissemus,</span> <span class='ocrx_word' id='word_1_108' title='bbox 857 1488 1008 1569; x_wconf 78' lang='lat' dir='ltr'>‘quamvis</span> <span class='ocrx_word' id='word_1_109' title='bbox 1031 1511 1147 1554; x_wconf 84' lang='lat' dir='ltr'>summa</span> 
     </span>
     <span class='ocr_line' id='line_1_16' title="bbox 133 1580 1146 1655; baseline 0.003 -14"><span class='ocrx_word' id='word_1_110' title='bbox 133 1583 211 1641; x_wconf 90' lang='lat' dir='ltr'>esset</span> <span class='ocrx_word' id='word_1_111' title='bbox 233 1580 304 1640; x_wconf 87' lang='lat' dir='ltr'>libri</span> <span class='ocrx_word' id='word_1_112' title='bbox 326 1581 446 1639; x_wconf 80' lang='lat' dir='ltr'>Etrusci</span> <span class='ocrx_word' id='word_1_113' title='bbox 464 1582 637 1655; x_wconf 88' lang='lat' dir='ltr'>auctoritas,</span> <span class='ocrx_word' id='word_1_114' title='bbox 660 1584 760 1640; x_wconf 88' lang='lat' dir='ltr'>tamen</span> <span class='ocrx_word' id='word_1_115' title='bbox 784 1600 833 1641; x_wconf 89' lang='lat' dir='ltr'>sos</span> <span class='ocrx_word' id='word_1_116' title='bbox 856 1583 1045 1641; x_wconf 85' lang='lat' dir='ltr'>vehementer</span> <span class='ocrx_word' id='word_1_117' title='bbox 1068 1602 1146 1644; x_wconf 87' lang='lat' dir='ltr'>erra-</span> 
     </span>
     <span class='ocr_line' id='line_1_17' title="bbox 133 1670 1146 1748; baseline 0.003 -19"><span class='ocrx_word' id='word_1_118' title='bbox 133 1674 217 1729; x_wconf 87' lang='lat' dir='ltr'>turos</span> <span class='ocrx_word' id='word_1_119' title='bbox 245 1688 320 1744; x_wconf 88' lang='lat' dir='ltr'>esse‚</span> <span class='ocrx_word' id='word_1_120' title='bbox 348 1671 375 1728; x_wconf 94' lang='lat' dir='ltr'>si</span> <span class='ocrx_word' id='word_1_121' title='bbox 402 1670 455 1744; x_wconf 93' lang='lat' dir='ltr'>qui</span> <span class='ocrx_word' id='word_1_122' title='bbox 482 1671 576 1728; x_wconf 89' lang='lat' dir='ltr'>careri</span> <span class='ocrx_word' id='word_1_123' title='bbox 602 1687 688 1746; x_wconf 90' lang='lat' dir='ltr'>posse</span> <span class='ocrx_word' id='word_1_124' title='bbox 715 1671 890 1747; x_wconf 90' lang='lat' dir='ltr'>interpolati</span> <span class='ocrx_word' id='word_1_125' title='bbox 917 1673 1031 1748; x_wconf 89' lang='lat' dir='ltr'>generis</span> <span class='ocrx_word' id='word_1_126' title='bbox 1062 1671 1146 1732; x_wconf 91' lang='lat' dir='ltr'>libris</span> 
     </span>
     <span class='ocr_line' id='line_1_18' title="bbox 133 1750 1147 1840; baseline 0.002 -21"><span class='ocrx_word' id='word_1_127' title='bbox 133 1759 277 1819; x_wconf 87' lang='lat' dir='ltr'>auderent</span> <span class='ocrx_word' id='word_1_128' title='bbox 300 1757 448 1818; x_wconf 89' lang='lat' dir='ltr'>affirmare</span> <span class='ocrx_word' id='word_1_129' title='bbox 455 1752 474 1832; x_wconf 86' lang='lat'>&#39;,</span> <span class='ocrx_word' id='word_1_130' title='bbox 497 1758 528 1816; x_wconf 79' lang='lat' dir='ltr'>F.</span> <span class='ocrx_word' id='word_1_131' title='bbox 548 1757 613 1817; x_wconf 79' lang='lat' dir='ltr'>Lao</span> <span class='ocrx_word' id='word_1_132' title='bbox 634 1751 671 1840; x_wconf 89' lang='lat' dir='ltr'>(I,</span> <span class='ocrx_word' id='word_1_133' title='bbox 685 1750 720 1839; x_wconf 78' lang='lat'>4)</span> <span class='ocrx_word' id='word_1_134' title='bbox 746 1755 798 1818; x_wconf 79' lang='lat' dir='ltr'>‘ne</span> <span class='ocrx_word' id='word_1_135' title='bbox 820 1761 913 1818; x_wconf 90' lang='lat' dir='ltr'>ineis</span> <span class='ocrx_word' id='word_1_136' title='bbox 933 1758 1052 1834; x_wconf 91' lang='lat' dir='ltr'>quidem</span> <span class='ocrx_word' id='word_1_137' title='bbox 1072 1780 1147 1837; x_wconf 85' lang='lat' dir='ltr'>quas</span> 
     </span>
     <span class='ocr_line' id='line_1_19' title="bbox 134 1847 1147 1926; baseline 0.002 -18"><span class='ocrx_word' id='word_1_138' title='bbox 134 1851 272 1922; x_wconf 89' lang='lat' dir='ltr'>corrupte</span> <span class='ocrx_word' id='word_1_139' title='bbox 299 1847 441 1906; x_wconf 81' lang='lat' dir='ltr'>Etuscus</span> <span class='ocrx_word' id='word_1_140' title='bbox 468 1847 622 1925; x_wconf 86' lang='lat' dir='ltr'>praebeat,</span> <span class='ocrx_word' id='word_1_141' title='bbox 650 1848 744 1906; x_wconf 88' lang='lat' dir='ltr'>ullam</span> <span class='ocrx_word' id='word_1_142' title='bbox 767 1866 829 1908; x_wconf 90' lang='lat' dir='ltr'>esse</span> <span class='ocrx_word' id='word_1_143' title='bbox 852 1849 986 1926; x_wconf 85' lang='lat' dir='ltr'>vulgaris</span> <span class='ocrx_word' id='word_1_144' title='bbox 1008 1849 1147 1910; x_wconf 86' lang='lat' dir='ltr'>lectionis</span> 
     </span>
     <span class='ocr_line' id='line_1_20' title="bbox 134 1930 1190 2014; baseline 0.003 -18"><span class='ocrx_word' id='word_1_145' title='bbox 134 1930 360 1996; x_wconf 86' lang='lat' dir='ltr'>auctoritatem&#39;</span> <span class='ocrx_word' id='word_1_146' title='bbox 383 1936 544 1994; x_wconf 87' lang='lat' dir='ltr'>contendit.</span> <span class='ocrx_word' id='word_1_147' title='bbox 590 1935 648 1996; x_wconf 85' lang='lat' dir='ltr'>Sed</span> <span class='ocrx_word' id='word_1_148' title='bbox 675 1938 739 2013; x_wconf 90' lang='lat' dir='ltr'>ipse</span> <span class='ocrx_word' id='word_1_149' title='bbox 767 1955 866 1996; x_wconf 88' lang='lat' dir='ltr'>secum</span> <span class='ocrx_word' id='word_1_150' title='bbox 893 1939 1009 2014; x_wconf 83' lang='lat' dir='ltr'>pugnat</span> <span class='ocrx_word' id='word_1_151' title='bbox 1029 1937 1064 1996; x_wconf 89' lang='lat' dir='ltr'>in</span> <span class='ocrx_word' id='word_1_152' title='bbox 1086 1941 1147 1999; x_wconf 85' lang='lat' dir='ltr'>tra-</span> <span class='ocrx_word' id='word_1_153' title='bbox 1189 1956 1190 2009; x_wconf 64' lang='lat' dir='ltr'>l</span> 
     </span>
     <span class='ocr_line' id='line_1_21' title="bbox 135 2025 1147 2103; baseline 0.003 -18"><span class='ocrx_word' id='word_1_154' title='bbox 135 2025 307 2103; x_wconf 90' lang='lat' dir='ltr'>gosdiarum</span> <span class='ocrx_word' id='word_1_155' title='bbox 326 2025 456 2084; x_wconf 91' lang='lat' dir='ltr'>editione</span> <span class='ocrx_word' id='word_1_156' title='bbox 473 2025 587 2084; x_wconf 92' lang='lat' dir='ltr'>mendis</span> <span class='ocrx_word' id='word_1_157' title='bbox 605 2025 800 2085; x_wconf 87' lang='lat' dir='ltr'>Laurentiani</span> <span class='ocrx_word' id='word_1_158' title='bbox 822 2026 893 2085; x_wconf 90' lang='lat' dir='ltr'>libri</span> <span class='ocrx_word' id='word_1_159' title='bbox 915 2027 1055 2086; x_wconf 86' lang='lat' dir='ltr'>sescentis</span> <span class='ocrx_word' id='word_1_160' title='bbox 1074 2027 1147 2088; x_wconf 89' lang='lat' dir='ltr'>locis</span> 
     </span>
     <span class='ocr_line' id='line_1_22' title="bbox 133 2113 1147 2192; baseline 0.004 -20"><span class='ocrx_word' id='word_1_161' title='bbox 133 2114 382 2190; x_wconf 81' lang='lat' dir='ltr'>interpolatomm</span> <span class='ocrx_word' id='word_1_162' title='bbox 393 2113 534 2173; x_wconf 87' lang='lat' dir='ltr'>librorum</span> <span class='ocrx_word' id='word_1_163' title='bbox 551 2134 606 2190; x_wconf 92' lang='lat' dir='ltr'>ope</span> <span class='ocrx_word' id='word_1_164' title='bbox 620 2114 754 2174; x_wconf 85' lang='lat' dir='ltr'>sublatis.</span> <span class='ocrx_word' id='word_1_165' title='bbox 773 2115 971 2190; x_wconf 82' lang='lat' dir='ltr'>Necdefuere,</span> <span class='ocrx_word' id='word_1_166' title='bbox 982 2116 1034 2190; x_wconf 92' lang='lat' dir='ltr'>qui</span> <span class='ocrx_word' id='word_1_167' title='bbox 1043 2135 1147 2192; x_wconf 89' lang='lat' dir='ltr'>parem</span> 
     </span>
     <span class='ocr_line' id='line_1_23' title="bbox 134 2204 1146 2278; baseline 0.001 -17"><span class='ocrx_word' id='word_1_168' title='bbox 134 2204 254 2278; x_wconf 84' lang='lat' dir='ltr'>utrique</span> <span class='ocrx_word' id='word_1_169' title='bbox 271 2204 435 2261; x_wconf 86' lang='lat' dir='ltr'>recensioni</span> <span class='ocrx_word' id='word_1_170' title='bbox 454 2204 664 2263; x_wconf 88' lang='lat' dir='ltr'>auctoritatem</span> <span class='ocrx_word' id='word_1_171' title='bbox 681 2204 891 2263; x_wconf 84' lang='lat' dir='ltr'>vindicandam</span> <span class='ocrx_word' id='word_1_172' title='bbox 905 2221 967 2263; x_wconf 91' lang='lat' dir='ltr'>esse</span> <span class='ocrx_word' id='word_1_173' title='bbox 985 2209 1146 2265; x_wconf 87' lang='lat' dir='ltr'>censerent.</span> 
     </span>
     <span class='ocr_line' id='line_1_24' title="bbox 136 2290 1146 2367; baseline 0.004 -17"><span class='ocrx_word' id='word_1_174' title='bbox 136 2290 191 2350; x_wconf 81' lang='lat' dir='ltr'>Sui</span> <span class='ocrx_word' id='word_1_175' title='bbox 214 2293 378 2350; x_wconf 85' lang='lat' dir='ltr'>sententiae</span> <span class='ocrx_word' id='word_1_176' title='bbox 400 2291 556 2367; x_wconf 90' lang='lat' dir='ltr'>Peiperum</span> <span class='ocrx_word' id='word_1_177' title='bbox 574 2293 683 2352; x_wconf 79' lang='lat' dir='ltr'>favisse</span> <span class='ocrx_word' id='word_1_178' title='bbox 702 2295 765 2352; x_wconf 92' lang='lat' dir='ltr'>eius</span> <span class='ocrx_word' id='word_1_179' title='bbox 783 2292 880 2352; x_wconf 87' lang='lat' dir='ltr'>verbis</span> <span class='ocrx_word' id='word_1_180' title='bbox 898 2295 931 2350; x_wconf 93' lang='lat' dir='ltr'>in</span> <span class='ocrx_word' id='word_1_181' title='bbox 949 2292 1069 2353; x_wconf 83' lang='lat' dir='ltr'>exordio</span> <span class='ocrx_word' id='word_1_182' title='bbox 1088 2293 1146 2354; x_wconf 90' lang='lat' dir='ltr'>dis·</span> 
     </span>
     <span class='ocr_line' id='line_1_25' title="bbox 134 2381 1147 2461; baseline 0.003 -22"><span class='ocrx_word' id='word_1_183' title='bbox 134 2381 299 2456; x_wconf 89' lang='lat' dir='ltr'>putationis</span> <span class='ocrx_word' id='word_1_184' title='bbox 322 2383 502 2440; x_wconf 89' lang='lat' dir='ltr'>memoratae</span> <span class='ocrx_word' id='word_1_185' title='bbox 526 2383 658 2458; x_wconf 89' lang='lat' dir='ltr'>apparet.</span> <span class='ocrx_word' id='word_1_186' title='bbox 704 2382 815 2441; x_wconf 90' lang='lat' dir='ltr'>Verum</span> <span class='ocrx_word' id='word_1_187' title='bbox 837 2384 870 2440; x_wconf 91' lang='lat' dir='ltr'>in</span> <span class='ocrx_word' id='word_1_188' title='bbox 892 2381 989 2453; x_wconf 91' lang='lat' dir='ltr'>medio</span> <span class='ocrx_word' id='word_1_189' title='bbox 1012 2400 1077 2442; x_wconf 89' lang='lat' dir='ltr'>esse</span> <span class='ocrx_word' id='word_1_190' title='bbox 1095 2403 1147 2461; x_wconf 91' lang='lat' dir='ltr'>po·</span> 
     </span>
     <span class='ocr_line' id='line_1_26' title="bbox 137 2469 1146 2550; baseline 0.004 -22"><span class='ocrx_word' id='word_1_191' title='bbox 137 2471 228 2529; x_wconf 87' lang='lat' dir='ltr'>situm</span> <span class='ocrx_word' id='word_1_192' title='bbox 247 2488 301 2546; x_wconf 93' lang='lat' dir='ltr'>ego</span> <span class='ocrx_word' id='word_1_193' title='bbox 321 2470 439 2546; x_wconf 91' lang='lat' dir='ltr'>quidem</span> <span class='ocrx_word' id='word_1_194' title='bbox 457 2471 489 2528; x_wconf 92' lang='lat' dir='ltr'>in</span> <span class='ocrx_word' id='word_1_195' title='bbox 504 2469 647 2546; x_wconf 84' lang='lat' dir='ltr'>Symbola</span> <span class='ocrx_word' id='word_1_196' title='bbox 660 2470 781 2531; x_wconf 87' lang='lat' dir='ltr'>Jenensi</span> <span class='ocrx_word' id='word_1_197' title='bbox 799 2471 1007 2530; x_wconf 83' lang='lat' dir='ltr'>demonstravi.</span> <span class='ocrx_word' id='word_1_198' title='bbox 1030 2469 1146 2550; x_wconf 86' lang='lat' dir='ltr'>Nempe</span> 
     </span>
     <span class='ocr_line' id='line_1_27' title="bbox 135 2558 1146 2637; baseline 0.003 -19"><span class='ocrx_word' id='word_1_199' title='bbox 135 2577 202 2618; x_wconf 88' lang='lat' dir='ltr'>cum</span> <span class='ocrx_word' id='word_1_200' title='bbox 229 2558 409 2635; x_wconf 87' lang='lat' dir='ltr'>interpolata</span> <span class='ocrx_word' id='word_1_201' title='bbox 436 2561 567 2618; x_wconf 87' lang='lat' dir='ltr'>recensio</span> <span class='ocrx_word' id='word_1_202' title='bbox 599 2562 646 2619; x_wconf 93' lang='lat' dir='ltr'>tot</span> <span class='ocrx_word' id='word_1_203' title='bbox 672 2559 745 2620; x_wconf 91' lang='lat' dir='ltr'>locis</span> <span class='ocrx_word' id='word_1_204' title='bbox 772 2579 832 2637; x_wconf 86' lang='lat' dir='ltr'>pro¹</span> <span class='ocrx_word' id='word_1_205' title='bbox 857 2562 996 2636; x_wconf 89' lang='lat' dir='ltr'>corrupta</span> <span class='ocrx_word' id='word_1_206' title='bbox 1025 2559 1146 2620; x_wconf 76' lang='lat' dir='ltr'>Etrusci</span> 
     </span>
     <span class='ocr_line' id='line_1_28' title="bbox 135 2648 1144 2725; baseline 0 -19"><span class='ocrx_word' id='word_1_207' title='bbox 135 2648 260 2708; x_wconf 89' lang='lat' dir='ltr'>lectione</span> <span class='ocrx_word' id='word_1_208' title='bbox 283 2650 486 2724; x_wconf 77' lang='lat' dir='ltr'>incorruptam</span> <span class='ocrx_word' id='word_1_209' title='bbox 508 2649 651 2723; x_wconf 87' lang='lat' dir='ltr'>praebeat</span> <span class='ocrx_word' id='word_1_210' title='bbox 669 2651 699 2707; x_wconf 93' lang='lat' dir='ltr'>et</span> <span class='ocrx_word' id='word_1_211' title='bbox 722 2649 842 2725; x_wconf 87' lang='lat' dir='ltr'>abipso</span> <span class='ocrx_word' id='word_1_212' title='bbox 865 2648 963 2708; x_wconf 90' lang='lat' dir='ltr'>Leone</span> <span class='ocrx_word' id='word_1_213' title='bbox 985 2651 1144 2724; x_wconf 80' lang='lat' dir='ltr'>receptam¹</span> 
     </span>
     <span class='ocr_line' id='line_1_29' title="bbox 134 2738 1145 2814; baseline 0.003 -19"><span class='ocrx_word' id='word_1_214' title='bbox 134 2757 193 2797; x_wconf 93' lang='lat' dir='ltr'>non</span> <span class='ocrx_word' id='word_1_215' title='bbox 215 2738 299 2796; x_wconf 90' lang='lat' dir='ltr'>nulla</span> <span class='ocrx_word' id='word_1_216' title='bbox 316 2741 447 2798; x_wconf 87' lang='lat' dir='ltr'>veterem</span> <span class='ocrx_word' id='word_1_217' title='bbox 464 2738 708 2813; x_wconf 87' lang='lat' dir='ltr'>interpolatorem</span> <span class='ocrx_word' id='word_1_218' title='bbox 727 2757 803 2814; x_wconf 88' lang='lat' dir='ltr'>quae</span> <span class='ocrx_word' id='word_1_219' title='bbox 825 2740 858 2796; x_wconf 92' lang='lat' dir='ltr'>in</span> <span class='ocrx_word' id='word_1_220' title='bbox 881 2739 1041 2813; x_wconf 82' lang='lat' dir='ltr'>archetypo</span> <span class='ocrx_word' id='word_1_221' title='bbox 1060 2741 1145 2798; x_wconf 88' lang='lat' dir='ltr'>erant</span> 
     </span>
     <span class='ocr_line' id='line_1_30' title="bbox 135 2827 999 2903; baseline 0.001 -20"><span class='ocrx_word' id='word_1_222' title='bbox 135 2829 165 2883; x_wconf 93' lang='lat' dir='ltr'>et</span> <span class='ocrx_word' id='word_1_223' title='bbox 187 2827 292 2903; x_wconf 87' lang='lat' dir='ltr'>legisse</span> <span class='ocrx_word' id='word_1_224' title='bbox 315 2829 346 2885; x_wconf 92' lang='lat' dir='ltr'>et</span> <span class='ocrx_word' id='word_1_225' title='bbox 368 2827 556 2902; x_wconf 89' lang='lat' dir='ltr'>descripsisse</span> <span class='ocrx_word' id='word_1_226' title='bbox 577 2828 687 2885; x_wconf 88' lang='lat' dir='ltr'>rectius</span> <span class='ocrx_word' id='word_1_227' title='bbox 709 2829 742 2885; x_wconf 94' lang='lat' dir='ltr'>in</span> <span class='ocrx_word' id='word_1_228' title='bbox 764 2828 923 2903; x_wconf 91' lang='lat' dir='ltr'>propatulo</span> <span class='ocrx_word' id='word_1_229' title='bbox 947 2829 999 2886; x_wconf 89' lang='lat' dir='ltr'>est.</span> 
     </span>
    </p>

    <p class='ocr_par' dir='ltr' id='par_1_4' title="bbox 200 2913 1144 2991">
     <span class='ocr_line' id='line_1_31' title="bbox 200 2913 1144 2991; baseline 0.003 -20"><span class='ocrx_word' id='word_1_230' title='bbox 200 2913 279 2973; x_wconf 89' lang='lat' dir='ltr'>Huic</span> <span class='ocrx_word' id='word_1_231' title='bbox 296 2917 341 2973; x_wconf 90' lang='lat' dir='ltr'>rei</span> <span class='ocrx_word' id='word_1_232' title='bbox 355 2915 529 2974; x_wconf 90' lang='lat' dir='ltr'>documento</span> <span class='ocrx_word' id='word_1_233' title='bbox 548 2917 618 2974; x_wconf 92' lang='lat' dir='ltr'>sunt</span> <span class='ocrx_word' id='word_1_234' title='bbox 631 2916 705 2974; x_wconf 86' lang='lat' dir='ltr'>folia</span> <span class='ocrx_word' id='word_1_235' title='bbox 718 2916 772 2976; x_wconf 91' lang='lat' dir='ltr'>illa</span> <span class='ocrx_word' id='word_1_236' title='bbox 785 2917 930 2991; x_wconf 88' lang='lat' dir='ltr'>rescripta</span> <span class='ocrx_word' id='word_1_237' title='bbox 949 2915 1058 2974; x_wconf 90' lang='lat' dir='ltr'>codicis</span> <span class='ocrx_word' id='word_1_238' title='bbox 1072 2915 1144 2974; x_wconf 91' lang='lat' dir='ltr'>Am·</span> 
     </span>
    </p>
   </div>
   <div class='ocr_carea' id='block_1_3' title="bbox 135 2993 1145 3345">
    <p class='ocr_par' dir='ltr' id='par_1_5' title="bbox 135 2993 1145 3345">
     <span class='ocr_line' id='line_1_32' title="bbox 135 2993 1145 3083; baseline 0.006 -23"><span class='ocrx_word' id='word_1_239' title='bbox 135 3001 267 3061; x_wconf 87' lang='lat' dir='ltr'>bresiani</span> <span class='ocrx_word' id='word_1_240' title='bbox 282 2993 345 3083; x_wconf 82' lang='lat' dir='ltr'><strong>(R),</strong></span> <span class='ocrx_word' id='word_1_241' title='bbox 362 3003 398 3062; x_wconf 92' lang='lat' dir='ltr'>de</span> <span class='ocrx_word' id='word_1_242' title='bbox 412 3009 538 3079; x_wconf 79' lang='lat' dir='ltr'>quorum</span> <span class='ocrx_word' id='word_1_243' title='bbox 552 3006 730 3063; x_wconf 89' lang='lat' dir='ltr'>auctoritate</span> <span class='ocrx_word' id='word_1_244' title='bbox 744 3008 779 3064; x_wconf 89' lang='lat' dir='ltr'>ut</span> <span class='ocrx_word' id='word_1_245' title='bbox 792 3007 911 3064; x_wconf 93' lang='lat' dir='ltr'>omnino</span> <span class='ocrx_word' id='word_1_246' title='bbox 924 3006 1004 3063; x_wconf 88' lang='lat' dir='ltr'>recte</span> <span class='ocrx_word' id='word_1_247' title='bbox 1017 3004 1145 3066; x_wconf 88' lang='lat' dir='ltr'>iudicari</span> 
     </span>
     <span class='ocr_line' id='line_1_33' title="bbox 135 3085 1145 3175; baseline 0.002 -25"><span class='ocrx_word' id='word_1_248' title='bbox 135 3094 234 3166; x_wconf 89' lang='lat' dir='ltr'>posset</span> <span class='ocrx_word' id='word_1_249' title='bbox 252 3089 405 3150; x_wconf 79' lang='lat' dir='ltr'>Gumnmss</span> <span class='ocrx_word' id='word_1_250' title='bbox 424 3091 629 3152; x_wconf 78' lang='lat' dir='ltr'>Sronnuurnr</span> <span class='ocrx_word' id='word_1_251' title='bbox 647 3092 747 3152; x_wconf 91' lang='lat' dir='ltr'>labore</span> <span class='ocrx_word' id='word_1_252' title='bbox 770 3097 801 3152; x_wconf 93' lang='lat' dir='ltr'>et</span> <span class='ocrx_word' id='word_1_253' title='bbox 819 3113 890 3153; x_wconf 90' lang='lat' dir='ltr'>cura</span> <span class='ocrx_word' id='word_1_254' title='bbox 907 3085 1076 3175; x_wconf 81' lang='lat' dir='ltr'>contigit.*)</span> <span class='ocrx_word' id='word_1_255' title='bbox 1106 3094 1145 3152; x_wconf 80' lang='lat' dir='ltr'>Et</span> 
     </span>
     <span class='ocr_line' id='line_1_34' title="bbox 136 3179 1144 3260; baseline 0.005 -23"><span class='ocrx_word' id='word_1_256' title='bbox 136 3179 215 3255; x_wconf 92' lang='lat' dir='ltr'>quod</span> <span class='ocrx_word' id='word_1_257' title='bbox 237 3180 301 3255; x_wconf 92' lang='lat' dir='ltr'>ipse</span> <span class='ocrx_word' id='word_1_258' title='bbox 325 3182 440 3255; x_wconf 86' lang='lat' dir='ltr'>statuit,</span> <span class='ocrx_word' id='word_1_259' title='bbox 458 3182 588 3242; x_wconf 87' lang='lat' dir='ltr'>codicem</span> <span class='ocrx_word' id='word_1_260' title='bbox 604 3184 782 3258; x_wconf 84' lang='lat' dir='ltr'>rescm&#39;ptum</span> <span class='ocrx_word' id='word_1_261' title='bbox 805 3201 840 3240; x_wconf 87' lang='lat' dir='ltr'>ex</span> <span class='ocrx_word' id='word_1_262' title='bbox 858 3183 959 3243; x_wconf 93' lang='lat' dir='ltr'>eodem</span> <span class='ocrx_word' id='word_1_263' title='bbox 983 3183 1144 3260; x_wconf 84' lang='lat' dir='ltr'>archetypo</span> 
     </span>
     <span class='ocr_line' id='line_1_35' title="bbox 136 3268 1145 3345; baseline 0.005 -19"><span class='ocrx_word' id='word_1_264' title='bbox 136 3268 302 3328; x_wconf 80' lang='lat' dir='ltr'>derivatum</span> <span class='ocrx_word' id='word_1_265' title='bbox 326 3286 387 3327; x_wconf 89' lang='lat' dir='ltr'>esse</span> <span class='ocrx_word' id='word_1_266' title='bbox 410 3269 487 3328; x_wconf 92' lang='lat' dir='ltr'>unde</span> <span class='ocrx_word' id='word_1_267' title='bbox 511 3271 535 3328; x_wconf 84' lang='lat' dir='ltr'>ll</span> <span class='ocrx_word' id='word_1_268' title='bbox 559 3271 685 3345; x_wconf 84' lang='lat' dir='ltr'>fluxerit,</span> <span class='ocrx_word' id='word_1_269' title='bbox 708 3270 740 3328; x_wconf 91' lang='lat' dir='ltr'>id</span> <span class='ocrx_word' id='word_1_270' title='bbox 762 3291 864 3331; x_wconf 79' lang='lat' dir='ltr'>verum</span> <span class='ocrx_word' id='word_1_271' title='bbox 888 3290 948 3331; x_wconf 92' lang='lat' dir='ltr'>esse</span> <span class='ocrx_word' id='word_1_272' title='bbox 967 3272 1032 3330; x_wconf 90' lang='lat' dir='ltr'>loco</span> <span class='ocrx_word' id='word_1_273' title='bbox 1051 3271 1145 3331; x_wconf 87' lang='lat' dir='ltr'>allato</span> 
     </span>
    </p>
   </div>
   <div class='ocr_carea' id='block_1_4' title="bbox 137 3464 1145 3615">
    <p class='ocr_par' dir='ltr' id='par_1_6' title="bbox 137 3464 1145 3615">
     <span class='ocr_line' id='line_1_36' title="bbox 207 3464 1145 3546; baseline 0.006 -21"><span class='ocrx_word' id='word_1_274' title='bbox 207 3473 230 3542; x_wconf 68' lang='lat'>¹⁸)</span> <span class='ocrx_word' id='word_1_275' title='bbox 253 3472 295 3526; x_wconf 91' lang='lat' dir='ltr'>De</span> <span class='ocrx_word' id='word_1_276' title='bbox 314 3464 436 3527; x_wconf 81' lang='lat' dir='ltr'>Senecae</span> <span class='ocrx_word' id='word_1_277' title='bbox 453 3474 663 3543; x_wconf 88' lang='lat' dir='ltr'>tragoediarum</span> <span class='ocrx_word' id='word_1_278' title='bbox 680 3474 846 3546; x_wconf 75' lang='lat' dir='ltr'>fragmentis</span> <span class='ocrx_word' id='word_1_279' title='bbox 865 3475 1007 3544; x_wconf 88' lang='lat' dir='ltr'>rescriptis</span> <span class='ocrx_word' id='word_1_280' title='bbox 1026 3476 1145 3531; x_wconf 86' lang='lat' dir='ltr'>Ambro-</span> 
     </span>
     <span class='ocr_line' id='line_1_37' title="bbox 137 3542 1053 3615; baseline 0.004 -19"><span class='ocrx_word' id='word_1_281' title='bbox 137 3543 223 3598; x_wconf 87' lang='lat' dir='ltr'>sianis</span> <span class='ocrx_word' id='word_1_282' title='bbox 242 3543 355 3613; x_wconf 84' lang='lat' dir='ltr'>scripsit</span> <span class='ocrx_word' id='word_1_283' title='bbox 373 3542 527 3598; x_wconf 82' lang='lat' dir='ltr'>Guilelmus</span> <span class='ocrx_word' id='word_1_284' title='bbox 547 3544 727 3601; x_wconf 91' lang='lat' dir='ltr'>Studemund.</span> <span class='ocrx_word' id='word_1_285' title='bbox 764 3546 820 3600; x_wconf 85' lang='lat' dir='ltr'>Leo</span> <span class='ocrx_word' id='word_1_286' title='bbox 834 3545 868 3614; x_wconf 90' lang='grc' dir='ltr'>Π,</span> <span class='ocrx_word' id='word_1_287' title='bbox 883 3565 909 3615; x_wconf 93' lang='lat' dir='ltr'>p.</span> <span class='ocrx_word' id='word_1_288' title='bbox 924 3545 1053 3615; x_wconf 86' lang='lat' dir='ltr'>Xlllsqq.</span> 
     </span>
    </p>
   </div>
   <div class='ocr_carea' id='block_1_5' title="bbox 0 0 1205 3990">
    <p class='ocr_par' dir='ltr' id='par_1_7' title="bbox 0 0 1205 3990">
     <span class='ocr_line' id='line_1_38' title="bbox 0 0 1205 3990; baseline 0 0"><span class='ocrx_word' id='word_1_289' title='bbox 0 0 1205 3990; x_wconf 95' lang='lat' dir='ltr'> </span> 
     </span>
    </p>
   </div>
  </div>
 </body>
</html>
