2376 3984
85 109 173 169 ltili
487 115 692 170 PRAEFATIO

85 264 203 325 cutione
220 269 435 342 assequeretur,
449 287 484 328 ex
499 267 634 326 omnibus
652 266 736 326 libris
756 285 828 341 quos
842 269 906 342 ipse
919 269 1104 345 inspexerat,

86 370 191 415 uousuu
219 354 310 433 elegit
336 358 435 414 aetate
463 359 568 416 ceteris
593 357 770 432 superiores,
798 374 923 431 quorum
955 358 1101 418 lectiones

84 438 244 522 diducatur
262 446 397 504 enotaret
415 447 515 522 eisque
533 447 612 505 inter
629 460 661 503 se
680 444 796 504 collatis
816 446 846 503 et
864 445 1013 504 subtiliter
1030 467 1101 523 per-

86 532 185 609 pensis
216 532 324 593 classes
354 535 500 609 quasdam
530 537 560 593 et
589 533 720 594 familIas
753 535 957 608 constitueret,
988 536 1101 610 quibus

85 620 196 699 cinguli
223 640 283 698 quo
310 623 535 683 necessitudinis
563 622 657 700 gradu
684 623 807 698 propius
834 623 883 681 vel
910 622 1027 701 longius
1060 625 1099 684 ab

85 709 248 787 erohetypo
275 710 425 787 abessent,
454 713 543 772 facile
572 714 673 788 posset
692 710 843 788 dignosci.
890 709 967 771 Sunt
996 716 1099 772 autem

86 814 191 859 elevem
205 800 252 859 illi
266 800 360 859 altero
374 803 486 860 saeculi
504 801 575 859 XIV
589 800 711 859 dimidio
730 801 845 859 exarati
859 819 959 860 omnes
977 805 1101 877 practer

84 905 177 947 ιιιιιιιιι
201 879 256 970 (0)
279 890 396 949 saeculo
418 889 474 948 XV
497 891 703 965 conscriptum.
754 889 798 948 Ac
821 888 893 947 duos
916 891 1012 965 primo
1031 891 1101 951 loco

84 976 197 1053 positos
225 973 270 1059 (M
289 979 319 1037 et
336 969 379 1059 N)
408 999 443 1037 ex
469 997 529 1039 uno
556 979 717 1054 eodemque
739 978 815 1036 libro
843 997 935 1053 eoque
960 979 1100 1040 omnibus

86 1066 190 1127 ceteris
217 1068 379 1126 vetustiore
398 1059 454 1149 (Σ)
478 1068 640 1143 descriptos
669 1085 730 1126 esse
757 1066 990 1126 luculentissime
1017 1086 1101 1128 com-

85 1154 225 1231 probavit
243 1147 273 1237 (I
288 1147 404 1238 θείῃ).
445 1156 501 1216 His
525 1159 623 1216 aetate
644 1154 857 1232 propemodum
880 1155 978 1215 affinis
1001 1157 1102 1216 altera

86 1244 296 1307 delubrorum
318 1244 389 1323 biga
412 1238 451 1327 (Q
471 1248 501 1305 et
519 1236 569 1326 u),
592 1264 666 1320 quos
685 1244 824 1322 gemellos
848 1262 910 1303 esse
934 1248 964 1304 et
985 1245 1100 1305 librum

84 1336 306 1409 repraesentare
333 1335 441 1394 codicis
468 1338 499 1393 Σ
525 1334 692 1410 aequalem,
723 1351 904 1408 quemquam
932 1333 965 1391 in
992 1335 1100 1394 multis

85 1421 225 1482 differunt
243 1414 293 1504 (cf.
310 1423 382 1482 412.
404 1417 492 1504 173),
514 1424 565 1480 nix
583 1423 741 1498 quisquam
760 1423 926 1481 accuratius
944 1443 1008 1480 rem
1030 1443 1099 1499 per·

84 1511 214 1587 pendens
237 1513 398 1588 negaverit.
444 1511 603 1587 Pnoprium
625 1510 723 1569 locum
745 1513 829 1569 tenet
851 1511 941 1569 codex
963 1510 1098 1570 Lauren-

84 1600 184 1661 tiunus
206 1600 281 1676 plut.
302 1600 386 1676 37,6
407 1618 433 1658 a.
454 1600 539 1658 1368
559 1590 612 1680 (L)
634 1617 691 1674 quo
710 1600 810 1657 nullus
828 1601 1028 1677 interpolatae
1051 1621 1099 1660 re·

84 1689 229 1750 censionis
251 1690 418 1764 antiquiore
441 1689 565 1766 originis
585 1693 662 1747 anno
685 1689 816 1746 Innotuit
835 1679 934 1768 (Leol
948 1681 1100 1771 42sqq.*)

84 1776 114 1838 Is
136 1777 212 1837 liber
229 1779 261 1835 in
283 1779 386 1837 multis
409 1796 476 1836 cum
499 1779 528 1836 Φ
546 1779 700 1837 consentit.
738 1775 850 1845 Quarto
869 1778 933 1836 loco
952 1780 1101 1854 quattuor

84 1865 154 1927 libri
171 1870 367 1942 recensentur,
386 1885 513 1943 quorum
531 1883 687 1925 consensus
705 1868 805 1942 potius
824 1886 914 1941 quam
932 1869 1101 1927 communis

85 1956 263 2033 archetypus
276 1956 379 2015 littera
391 1957 426 2014 H
435 1957 564 2014 notatur.
589 1954 647 2014 Eos
666 1956 739 2014 satis
753 1972 860 2030 puram
875 1958 905 2014 et
917 1955 1101 2015 incolumem

84 2045 218 2122 vulgaris
241 2044 376 2104 lectionis
399 2045 559 2122 imaginem
581 2043 702 2103 reddere
729 2062 781 2103 suo
804 2045 869 2102 iure
891 2042 957 2102 Lno
980 2045 1099 2103 statuit.

151 2134 191 2192 llt
208 2134 263 2193 hoc
282 2134 401 2209 quidem
420 2134 616 2192 certissimum
635 2135 688 2208 est,
707 2132 787 2208 quod
805 2130 871 2190 Lno
892 2132 974 2207 dicit,
995 2133 1101 2192 arche·

83 2223 152 2300 typi
175 2224 337 2282 communie
358 2222 515 2282 lectionem
537 2241 644 2281 novem
662 2221 782 2281 illorum
801 2220 934 2279 codicum
953 2239 1101 2281 consensu

83 2312 313 2388 repraesentari:
337 2329 396 2370 non
414 2312 458 2370 itu
480 2312 592 2370 certum
615 2310 695 2386 quod
718 2309 811 2384 addit,
833 2308 886 2367 ubi
909 2309 1100 2385 dissentiant,

85 2400 124 2460 ed
137 2401 220 2459 illam
231 2398 325 2458 ΣΦΙι
334 2398 455 2476 propius
468 2399 618 2473 accedere3
629 2401 659 2458 et
671 2401 803 2475 proxime
818 2398 937 2473 quidem
946 2402 982 2474 Σ,
991 2401 1024 2456 in
1037 2418 1100 2474 quo

86 2508 162 2565 quae
185 2488 348 2565 depravata
370 2491 401 2547 et
423 2487 530 2547 obruta
548 2489 616 2565 sint,
637 2507 673 2546 ea
698 2489 727 2545 Φ
744 2487 792 2545 vel
810 2486 834 2544 L
858 2487 1006 2546 codicibus
1026 2505 1099 2563 sup-

85 2578 223 2654 peditari.
269 2575 402 2645 Quodsi
432 2580 535 2636 contra
559 2575 652 2635 ΣΦΙι
674 2577 707 2634 in
730 2578 765 2635 H
787 2577 834 2635 vel
861 2577 986 2652 singulis
1009 2576 1100 2636 libris

86 2669 205 2744 praeter
224 2684 330 2725 novem
350 2666 423 2726 istos
446 2684 548 2724 verum
572 2668 659 2741 extet,
681 2665 713 2722 id
731 2665 840 2740 ubique
858 2664 1003 2724 Italorum
1026 2683 1099 2724 con·

83 2756 204 2815 iecturis
228 2754 335 2814 deberi.

150 2843 260 2903 Verum
288 2845 436 2904 enimvero
465 2842 629 2902 cavendum
658 2846 718 2918 est,
747 2861 784 2901 ne
806 2843 839 2901 in
868 2814 1012 2902 librorum
1042 2844 1099 2918 qui

59 2933 176 3009 *bium
206 2932 254 2992 vel
284 2934 425 3007 quattuor
454 2931 661 2991 decenniorum
693 2931 823 2991 eiusdem
856 2932 966 2991 saeculi
995 2933 1098 3006 spatio

155 3117 303 3189 Fallere
312 3118 454 3188 poturtr
425 3118 585 3173 mrovidos
600 3116 768 3187 subscriptio
784 3117 888 3172 codicis
898 3117 1099 3186 Lugdunensis

85 3190 168 3262 (Bet.)
158 3120 280 3260 )),ΧἮΠ
295 3188 377 3256 16Ε,
396 3207 434 3258 qu
464 3189 488 3244 is
508 3188 684 3244 aGeelio'm
699 3188 828 3259 catalogo
846 3206 910 3243 mss
925 3188 1014 3257 Lugd.
1029 3188 1097 3244 Bae.

84 3280 110 3345 ιι.
127 3265 178 3315 370
191 3260 329 3330 redditur
341 3260 517 3315 ubia.1340
536 3260 661 3315 codicem
674 3259 780 3330 legitur
793 3260 928 3329 scriptum
947 3274 1015 3313 esse.
1038 3258 1097 3314 Sed

84 3333 114 3386 in
133 3331 200 3386 unni
218 3348 333 3387 numero
348 3334 413 3402 poet
426 3331 537 3386 litteras
552 3329 615 3386 CCC
628 3347 715 3385 unum
728 3330 853 3386 IItteram
872 3329 960 3383 cultro
979 3330 1098 3398 penitus

82 3419 194 3458 erucam
213 3406 241 3457 et
260 3418 345 3472 supra
348 3351 488 3457 psoramen
506 3402 661 3458 littemlam
684 3419 700 3456 o
720 3403 853 3472 scriptam
872 3416 932 3454 esee
950 3400 983 3455 Η
979 3348 1074 3470 pKlap
1054 3420 1098 3472 pp

82 3475 154 3531 olim
171 3490 222 3528 nos
242 3474 338 3529 docuit
357 3477 390 3544 (v
410 3472 497 3543 praef
518 3473 618 3543 prioris
638 3473 814 3542 editionisp
829 3471 1037 3542 XXXVIlIsq).
