<?xml version="1.0" encoding="UTF-8"?>
<!DOCTYPE html PUBLIC "-//W3C//DTD XHTML 1.0 Transitional//EN"
    "http://www.w3.org/TR/xhtml1/DTD/xhtml1-transitional.dtd">
<html xmlns="http://www.w3.org/1999/xhtml" xml:lang="en" lang="en">
 <head>
  <title>
</title>
<meta http-equiv="Content-Type" content="text/html;charset=utf-8" />
  <meta name='ocr-system' content='tesseract 3.04.00' />
  <meta name='ocr-capabilities' content='ocr_page ocr_carea ocr_par ocr_line ocrx_word'/>
</head>
<body>
  <div class='ocr_page' id='page_1' title='image "./tragoediae01senegoog_0331.png"; bbox 0 0 2394 3990; ppageno 0'>
   <div class='ocr_carea' id='block_1_1' title="bbox 94 204 787 269">
    <p class='ocr_par' dir='ltr' id='par_1_1' title="bbox 94 204 787 269">
     <span class='ocr_line' id='line_1_1' title="bbox 94 204 787 269; baseline 0.003 -11"><span class='ocrx_word' id='word_1_1' title='bbox 94 204 160 269; x_wconf 78' lang='grc'>282</span> <span class='ocrx_word' id='word_1_2' title='bbox 419 206 449 259; x_wconf 82' lang='lat' dir='ltr'>L.</span> <span class='ocrx_word' id='word_1_3' title='bbox 463 205 605 258; x_wconf 79' lang='lat' dir='ltr'>ANNAEI</span> <span class='ocrx_word' id='word_1_4' title='bbox 623 205 787 260; x_wconf 78' lang='lat' dir='ltr'>SENECAE</span> 
     </span>
    </p>
   </div>
   <div class='ocr_carea' id='block_1_2' title="bbox 12 350 980 3273">
    <p class='ocr_par' dir='ltr' id='par_1_2' title="bbox 12 350 928 592">
     <span class='ocr_line' id='line_1_2' title="bbox 12 350 736 436; baseline 0 -22"><span class='ocrx_word' id='word_1_5' title='bbox 12 363 16 370; x_wconf 88' lang='lat'><em>&#39;</em></span> <span class='ocrx_word' id='word_1_6' title='bbox 92 350 224 436; x_wconf 81' lang='lat' dir='ltr'>regione</span> <span class='ocrx_word' id='word_1_7' title='bbox 248 350 401 433; x_wconf 88' lang='lat' dir='ltr'>quicquid</span> <span class='ocrx_word' id='word_1_8' title='bbox 424 351 524 434; x_wconf 88' lang='lat' dir='ltr'>impia</span> <span class='ocrx_word' id='word_1_9' title='bbox 546 355 650 415; x_wconf 88' lang='lat' dir='ltr'>cessat</span> <span class='ocrx_word' id='word_1_10' title='bbox 671 353 736 416; x_wconf 89' lang='lat' dir='ltr'>loci</span> 
     </span>
     <span class='ocr_line' id='line_1_3' title="bbox 93 439 928 524; baseline 0.002 -21"><span class='ocrx_word' id='word_1_11' title='bbox 93 439 325 522; x_wconf 91' lang='lat' dir='ltr'>complebo-</span> <span class='ocrx_word' id='word_1_12' title='bbox 343 461 519 522; x_wconf 82' lang='lat' dir='ltr'><strong>numquam</strong></span> <span class='ocrx_word' id='word_1_13' title='bbox 542 444 648 504; x_wconf 86' lang='lat' dir='ltr'>stante</span> <span class='ocrx_word' id='word_1_14' title='bbox 669 439 810 524; x_wconf 82' lang='lat' dir='ltr'>Pelopea</span> <span class='ocrx_word' id='word_1_15' title='bbox 832 442 928 506; x_wconf 89' lang='lat' dir='ltr'>domo</span> 
     </span>
     <span class='ocr_line' id='line_1_4' title="bbox 92 527 360 592; baseline -0.007 0"><span class='ocrx_word' id='word_1_16' title='bbox 92 527 199 592; x_wconf 86' lang='lat' dir='ltr'>Minos</span> <span class='ocrx_word' id='word_1_17' title='bbox 224 527 360 592; x_wconf 86' lang='lat' dir='ltr'>vacabit.</span> 
     </span>
    </p>

    <p class='ocr_par' dir='ltr' id='par_1_3' title="bbox 12 614 980 3273">
     <span class='ocr_line' id='line_1_5' title="bbox 295 614 733 702; baseline 0.002 -23"><span class='ocrx_word' id='word_1_18' title='bbox 295 633 373 680; x_wconf 77' lang='lat' dir='ltr'>nvn.</span> <span class='ocrx_word' id='word_1_19' title='bbox 396 614 512 702; x_wconf 82' lang='lat' dir='ltr'>Perge,</span> <span class='ocrx_word' id='word_1_20' title='bbox 536 617 733 681; x_wconf 84' lang='lat' dir='ltr'>detestabilis</span> 
     </span>
     <span class='ocr_line' id='line_1_6' title="bbox 92 705 776 790; baseline 0 -22"><span class='ocrx_word' id='word_1_21' title='bbox 92 705 220 787; x_wconf 89' lang='lat' dir='ltr'>umbra,</span> <span class='ocrx_word' id='word_1_22' title='bbox 243 709 276 769; x_wconf 87' lang='lat' dir='ltr'>et</span> <span class='ocrx_word' id='word_1_23' title='bbox 297 708 429 788; x_wconf 89' lang='lat' dir='ltr'>penates</span> <span class='ocrx_word' id='word_1_24' title='bbox 452 705 570 789; x_wconf 90' lang='lat' dir='ltr'>impios</span> <span class='ocrx_word' id='word_1_25' title='bbox 592 706 686 769; x_wconf 86' lang='lat' dir='ltr'>furiis</span> <span class='ocrx_word' id='word_1_26' title='bbox 709 726 776 790; x_wconf 85' lang='lat' dir='ltr'>age.</span> 
     </span>
     <span class='ocr_line' id='line_1_7' title="bbox 92 795 776 859; baseline 0 -1"><span class='ocrx_word' id='word_1_27' title='bbox 92 796 232 858; x_wconf 73' lang='lat' dir='ltr'>certetur</span> <span class='ocrx_word' id='word_1_28' title='bbox 255 795 344 857; x_wconf 91' lang='lat' dir='ltr'>omni</span> <span class='ocrx_word' id='word_1_29' title='bbox 366 795 484 858; x_wconf 88' lang='lat' dir='ltr'>scelere</span> <span class='ocrx_word' id='word_1_30' title='bbox 507 799 539 858; x_wconf 89' lang='lat' dir='ltr'>et</span> <span class='ocrx_word' id='word_1_31' title='bbox 561 795 685 858; x_wconf 85' lang='lat' dir='ltr'>alterna</span> <span class='ocrx_word' id='word_1_32' title='bbox 707 795 776 859; x_wconf 83' lang='lat' dir='ltr'>vice</span> 
     </span>
     <span class='ocr_line' id='line_1_8' title="bbox 91 881 798 966; baseline 0.001 -20"><span class='ocrx_word' id='word_1_33' title='bbox 91 881 269 966; x_wconf 74' lang='lat' dir='ltr'>stringatrr</span> <span class='ocrx_word' id='word_1_34' title='bbox 291 882 389 966; x_wconf 80' lang='lat' dir='ltr'>ensis3</span> <span class='ocrx_word' id='word_1_35' title='bbox 412 905 453 946; x_wconf 88' lang='lat' dir='ltr'>ne</span> <span class='ocrx_word' id='word_1_36' title='bbox 475 882 519 947; x_wconf 89' lang='lat' dir='ltr'>sit</span> <span class='ocrx_word' id='word_1_37' title='bbox 541 884 661 946; x_wconf 89' lang='lat' dir='ltr'>irarum</span> <span class='ocrx_word' id='word_1_38' title='bbox 684 884 798 947; x_wconf 89' lang='lat' dir='ltr'>modus</span> 
     </span>
     <span class='ocr_line' id='line_1_9' title="bbox 91 970 809 1056; baseline 0.001 -22"><span class='ocrx_word' id='word_1_39' title='bbox 91 970 249 1053; x_wconf 77' lang='lat' dir='ltr'>pudorve,</span> <span class='ocrx_word' id='word_1_40' title='bbox 271 975 395 1035; x_wconf 87' lang='lat' dir='ltr'>mentes</span> <span class='ocrx_word' id='word_1_41' title='bbox 418 993 531 1036; x_wconf 85' lang='lat' dir='ltr'>caecus</span> <span class='ocrx_word' id='word_1_42' title='bbox 554 972 687 1056; x_wconf 80' lang='lat' dir='ltr'>instiget</span> <span class='ocrx_word' id='word_1_43' title='bbox 709 972 809 1054; x_wconf 81' lang='lat' dir='ltr'>furor,</span> 
     </span>
     <span class='ocr_line' id='line_1_10' title="bbox 90 1059 829 1146; baseline 0.001 -23"><span class='ocrx_word' id='word_1_44' title='bbox 90 1059 195 1123; x_wconf 88' lang='lat' dir='ltr'>rabies</span> <span class='ocrx_word' id='word_1_45' title='bbox 219 1064 387 1144; x_wconf 87' lang='lat' dir='ltr'>pareutum</span> <span class='ocrx_word' id='word_1_46' title='bbox 411 1059 504 1124; x_wconf 86' lang='lat' dir='ltr'>duret</span> <span class='ocrx_word' id='word_1_47' title='bbox 527 1064 559 1124; x_wconf 88' lang='lat' dir='ltr'>et</span> <span class='ocrx_word' id='word_1_48' title='bbox 581 1061 717 1146; x_wconf 81' lang='lat' dir='ltr'>longum</span> <span class='ocrx_word' id='word_1_49' title='bbox 739 1061 829 1125; x_wconf 84' lang='lat' dir='ltr'>nefas</span> 
     </span>
     <span class='ocr_line' id='line_1_11' title="bbox 91 1149 854 1232; baseline 0.001 -20"><span class='ocrx_word' id='word_1_50' title='bbox 91 1151 143 1212; x_wconf 88' lang='lat' dir='ltr'>eat</span> <span class='ocrx_word' id='word_1_51' title='bbox 166 1149 201 1211; x_wconf 89' lang='lat' dir='ltr'>in</span> <span class='ocrx_word' id='word_1_52' title='bbox 222 1153 369 1232; x_wconf 82' lang='lat' dir='ltr'>nepotes3</span> <span class='ocrx_word' id='word_1_53' title='bbox 390 1169 451 1213; x_wconf 87' lang='lat' dir='ltr'>nec</span> <span class='ocrx_word' id='word_1_54' title='bbox 473 1153 565 1212; x_wconf 86' lang='lat' dir='ltr'>vacet</span> <span class='ocrx_word' id='word_1_55' title='bbox 588 1149 738 1232; x_wconf 89' lang='lat' dir='ltr'>cuiquam</span> <span class='ocrx_word' id='word_1_56' title='bbox 761 1152 854 1213; x_wconf 82' lang='lat' dir='ltr'>vetus</span> 
     </span>
     <span class='ocr_line' id='line_1_12' title="bbox 90 1236 806 1321; baseline 0.003 -21"><span class='ocrx_word' id='word_1_57' title='bbox 90 1236 196 1302; x_wconf 85' lang='lat' dir='ltr'>odisse</span> <span class='ocrx_word' id='word_1_58' title='bbox 220 1238 354 1301; x_wconf 81' lang='lat' dir='ltr'>crimen:</span> <span class='ocrx_word' id='word_1_59' title='bbox 377 1259 504 1321; x_wconf 86' lang='lat' dir='ltr'>semper</span> <span class='ocrx_word' id='word_1_60' title='bbox 526 1236 649 1302; x_wconf 88' lang='lat' dir='ltr'>oriatur</span> <span class='ocrx_word' id='word_1_61' title='bbox 670 1259 806 1320; x_wconf 85' lang='lat' dir='ltr'>novum,</span> 
     </span>
     <span class='ocr_line' id='line_1_13' title="bbox 90 1326 891 1412; baseline 0 -23"><span class='ocrx_word' id='word_1_62' title='bbox 90 1346 150 1389; x_wconf 89' lang='lat' dir='ltr'>nec</span> <span class='ocrx_word' id='word_1_63' title='bbox 172 1348 272 1390; x_wconf 89' lang='lat' dir='ltr'>unum</span> <span class='ocrx_word' id='word_1_64' title='bbox 296 1327 331 1389; x_wconf 91' lang='lat' dir='ltr'>in</span> <span class='ocrx_word' id='word_1_65' title='bbox 353 1348 432 1410; x_wconf 89' lang='lat' dir='ltr'>uno,</span> <span class='ocrx_word' id='word_1_66' title='bbox 454 1326 595 1410; x_wconf 86' lang='lat' dir='ltr'>dumque</span> <span class='ocrx_word' id='word_1_67' title='bbox 618 1327 753 1410; x_wconf 88' lang='lat' dir='ltr'>punitur</span> <span class='ocrx_word' id='word_1_68' title='bbox 775 1327 891 1412; x_wconf 88' lang='lat' dir='ltr'>scelus,</span> 
     </span>
     <span class='ocr_line' id='line_1_14' title="bbox 90 1414 880 1500; baseline 0.003 -23"><span class='ocrx_word' id='word_1_69' title='bbox 90 1419 219 1479; x_wconf 86' lang='lat' dir='ltr'>crescat.</span> <span class='ocrx_word' id='word_1_70' title='bbox 265 1415 411 1499; x_wconf 84' lang='lat' dir='ltr'>superbis</span> <span class='ocrx_word' id='word_1_71' title='bbox 433 1414 588 1479; x_wconf 84' lang='lat' dir='ltr'>fratribus</span> <span class='ocrx_word' id='word_1_72' title='bbox 610 1436 710 1500; x_wconf 83' lang='lat' dir='ltr'>regna</span> <span class='ocrx_word' id='word_1_73' title='bbox 732 1414 880 1480; x_wconf 88' lang='lat' dir='ltr'>excidant</span> 
     </span>
     <span class='ocr_line' id='line_1_15' title="bbox 88 1504 931 1589; baseline 0.001 -23"><span class='ocrx_word' id='word_1_74' title='bbox 88 1506 299 1587; x_wconf 80' lang='lat' dir='ltr'>repetantque</span> <span class='ocrx_word' id='word_1_75' title='bbox 321 1504 491 1589; x_wconf 82' lang='lat' dir='ltr'>profugos3</span> <span class='ocrx_word' id='word_1_76' title='bbox 515 1504 612 1568; x_wconf 89' lang='lat' dir='ltr'>dubia</span> <span class='ocrx_word' id='word_1_77' title='bbox 634 1505 793 1568; x_wconf 79' lang='lat' dir='ltr'>violentae</span> <span class='ocrx_word' id='word_1_78' title='bbox 817 1504 931 1568; x_wconf 90' lang='lat' dir='ltr'>domus</span> 
     </span>
     <span class='ocr_line' id='line_1_16' title="bbox 89 1591 724 1677; baseline 0.002 -22"><span class='ocrx_word' id='word_1_79' title='bbox 89 1591 220 1656; x_wconf 87' lang='lat' dir='ltr'>fortuna</span> <span class='ocrx_word' id='word_1_80' title='bbox 241 1614 332 1677; x_wconf 75' lang='lat' dir='ltr'>reges</span> <span class='ocrx_word' id='word_1_81' title='bbox 355 1594 440 1657; x_wconf 89' lang='lat' dir='ltr'>inter</span> <span class='ocrx_word' id='word_1_82' title='bbox 462 1593 601 1657; x_wconf 89' lang='lat' dir='ltr'>incertos</span> <span class='ocrx_word' id='word_1_83' title='bbox 624 1592 724 1656; x_wconf 87' lang='lat' dir='ltr'>labet:</span> 
     </span>
     <span class='ocr_line' id='line_1_17' title="bbox 90 1680 836 1764; baseline 0.001 -20"><span class='ocrx_word' id='word_1_84' title='bbox 90 1680 187 1744; x_wconf 88' lang='lat' dir='ltr'>miser</span> <span class='ocrx_word' id='word_1_85' title='bbox 210 1703 249 1745; x_wconf 85' lang='lat' dir='ltr'>ex</span> <span class='ocrx_word' id='word_1_86' title='bbox 271 1683 403 1764; x_wconf 85' lang='lat' dir='ltr'>potente</span> <span class='ocrx_word' id='word_1_87' title='bbox 425 1681 495 1764; x_wconf 88' lang='lat' dir='ltr'>fiat,</span> <span class='ocrx_word' id='word_1_88' title='bbox 519 1704 559 1746; x_wconf 89' lang='lat' dir='ltr'>ex</span> <span class='ocrx_word' id='word_1_89' title='bbox 581 1681 698 1745; x_wconf 88' lang='lat' dir='ltr'>misero</span> <span class='ocrx_word' id='word_1_90' title='bbox 722 1684 836 1764; x_wconf 87' lang='lat' dir='ltr'>potens</span> 
     </span>
     <span class='ocr_line' id='line_1_18' title="bbox 89 1768 793 1856; baseline 0.003 -24"><span class='ocrx_word' id='word_1_91' title='bbox 89 1768 254 1852; x_wconf 87' lang='lat' dir='ltr'>fluctuque</span> <span class='ocrx_word' id='word_1_92' title='bbox 277 1792 413 1856; x_wconf 84' lang='lat' dir='ltr'>regnum</span> <span class='ocrx_word' id='word_1_93' title='bbox 436 1791 528 1835; x_wconf 84' lang='lat' dir='ltr'>casus</span> <span class='ocrx_word' id='word_1_94' title='bbox 552 1770 680 1834; x_wconf 89' lang='lat' dir='ltr'>assiduo</span> <span class='ocrx_word' id='word_1_95' title='bbox 703 1769 793 1834; x_wconf 87' lang='lat' dir='ltr'>ferat.</span> 
     </span>
     <span class='ocr_line' id='line_1_19' title="bbox 90 1857 868 1942; baseline 0.001 -21"><span class='ocrx_word' id='word_1_96' title='bbox 90 1857 131 1921; x_wconf 93' lang='lat' dir='ltr'>ob</span> <span class='ocrx_word' id='word_1_97' title='bbox 156 1859 275 1922; x_wconf 87' lang='lat' dir='ltr'>scelera</span> <span class='ocrx_word' id='word_1_98' title='bbox 297 1859 396 1942; x_wconf 88' lang='lat' dir='ltr'>pulsi,</span> <span class='ocrx_word' id='word_1_99' title='bbox 420 1879 493 1922; x_wconf 89' lang='lat' dir='ltr'>cum</span> <span class='ocrx_word' id='word_1_100' title='bbox 517 1858 606 1922; x_wconf 87' lang='lat' dir='ltr'>dabit</span> <span class='ocrx_word' id='word_1_101' title='bbox 628 1858 767 1942; x_wconf 87' lang='lat' dir='ltr'>patriam</span> <span class='ocrx_word' id='word_1_102' title='bbox 791 1857 868 1922; x_wconf 91' lang='lat' dir='ltr'>deus</span> 
     </span>
     <span class='ocr_line' id='line_1_20' title="bbox 89 1946 980 2031; baseline 0 -22"><span class='ocrx_word' id='word_1_103' title='bbox 89 1946 123 2009; x_wconf 92' lang='lat' dir='ltr'>in</span> <span class='ocrx_word' id='word_1_104' title='bbox 147 1948 266 2011; x_wconf 87' lang='lat' dir='ltr'>scelera</span> <span class='ocrx_word' id='word_1_105' title='bbox 288 1946 431 2031; x_wconf 82' lang='lat' dir='ltr'>redeant,</span> <span class='ocrx_word' id='word_1_106' title='bbox 455 1948 583 2031; x_wconf 84' lang='lat' dir='ltr'>sintque</span> <span class='ocrx_word' id='word_1_107' title='bbox 605 1951 672 2012; x_wconf 91' lang='lat' dir='ltr'>tam</span> <span class='ocrx_word' id='word_1_108' title='bbox 696 1947 793 2011; x_wconf 85' lang='lat' dir='ltr'>invisi</span> <span class='ocrx_word' id='word_1_109' title='bbox 816 1946 980 2030; x_wconf 83' lang='lat' dir='ltr'>omnibus,</span> 
     </span>
     <span class='ocr_line' id='line_1_21' title="bbox 89 2035 924 2120; baseline 0 -22"><span class='ocrx_word' id='word_1_110' title='bbox 89 2056 186 2117; x_wconf 88' lang='lat' dir='ltr'>quam</span> <span class='ocrx_word' id='word_1_111' title='bbox 210 2035 285 2120; x_wconf 71' lang='lat' dir='ltr'>sibi,</span> <span class='ocrx_word' id='word_1_112' title='bbox 308 2036 391 2100; x_wconf 82' lang='lat' dir='ltr'>nihil</span> <span class='ocrx_word' id='word_1_113' title='bbox 415 2037 457 2101; x_wconf 88' lang='lat' dir='ltr'>sit</span> <span class='ocrx_word' id='word_1_114' title='bbox 479 2037 527 2100; x_wconf 90' lang='lat' dir='ltr'>ira</span> <span class='ocrx_word' id='word_1_115' title='bbox 550 2035 637 2120; x_wconf 90' lang='lat' dir='ltr'>quod</span> <span class='ocrx_word' id='word_1_116' title='bbox 659 2036 795 2100; x_wconf 85' lang='lat' dir='ltr'>vetitum</span> <span class='ocrx_word' id='word_1_117' title='bbox 818 2038 924 2118; x_wconf 89' lang='lat' dir='ltr'>putet:</span> 
     </span>
     <span class='ocr_line' id='line_1_22' title="bbox 87 2123 907 2210; baseline 0.001 -24"><span class='ocrx_word' id='word_1_118' title='bbox 87 2123 220 2188; x_wconf 83' lang='lat' dir='ltr'>fratrem</span> <span class='ocrx_word' id='word_1_119' title='bbox 244 2129 435 2208; x_wconf 78' lang='lat' dir='ltr'>expavescat</span> <span class='ocrx_word' id='word_1_120' title='bbox 456 2125 556 2190; x_wconf 79' lang='lat' dir='ltr'>frater</span> <span class='ocrx_word' id='word_1_121' title='bbox 581 2128 613 2189; x_wconf 91' lang='lat' dir='ltr'>et</span> <span class='ocrx_word' id='word_1_122' title='bbox 635 2128 769 2210; x_wconf 79' lang='lat' dir='ltr'>gnatum</span> <span class='ocrx_word' id='word_1_123' title='bbox 792 2145 907 2207; x_wconf 86' lang='lat' dir='ltr'>pareus</span> 
     </span>
     <span class='ocr_line' id='line_1_23' title="bbox 89 2213 822 2298; baseline 0.003 -23"><span class='ocrx_word' id='word_1_124' title='bbox 89 2216 270 2297; x_wconf 81' lang='lat' dir='ltr'>gnatusque</span> <span class='ocrx_word' id='word_1_125' title='bbox 292 2217 430 2297; x_wconf 83' lang='lat' dir='ltr'>patrem,</span> <span class='ocrx_word' id='word_1_126' title='bbox 452 2214 547 2278; x_wconf 91' lang='lat' dir='ltr'>liberi</span> <span class='ocrx_word' id='word_1_127' title='bbox 570 2217 702 2298; x_wconf 84' lang='lat' dir='ltr'>pereant</span> <span class='ocrx_word' id='word_1_128' title='bbox 725 2213 822 2296; x_wconf 89' lang='lat' dir='ltr'>male,</span> 
     </span>
     <span class='ocr_line' id='line_1_24' title="bbox 88 2301 799 2386; baseline 0 -21"><span class='ocrx_word' id='word_1_129' title='bbox 88 2301 179 2385; x_wconf 87' lang='lat' dir='ltr'>peius</span> <span class='ocrx_word' id='word_1_130' title='bbox 202 2305 311 2366; x_wconf 87' lang='lat' dir='ltr'>tamen</span> <span class='ocrx_word' id='word_1_131' title='bbox 333 2307 518 2386; x_wconf 65' lang='lat' dir='ltr'>nascentum</span> <span class='ocrx_word' id='word_1_132' title='bbox 541 2303 708 2367; x_wconf 87' lang='lat' dir='ltr'>immineat</span> <span class='ocrx_word' id='word_1_133' title='bbox 730 2303 799 2366; x_wconf 88' lang='lat' dir='ltr'>viro</span> 
     </span>
     <span class='ocr_line' id='line_1_25' title="bbox 87 2388 914 2476; baseline 0 -22"><span class='ocrx_word' id='word_1_134' title='bbox 87 2390 205 2455; x_wconf 87' lang='lat' dir='ltr'>infesta</span> <span class='ocrx_word' id='word_1_135' title='bbox 228 2391 382 2476; x_wconf 85' lang='lat' dir='ltr'>coniunx,</span> <span class='ocrx_word' id='word_1_136' title='bbox 405 2391 490 2455; x_wconf 88' lang='lat' dir='ltr'>bella</span> <span class='ocrx_word' id='word_1_137' title='bbox 512 2395 600 2455; x_wconf 85' lang='lat' dir='ltr'>trans</span> <span class='ocrx_word' id='word_1_138' title='bbox 613 2394 760 2476; x_wconf 77' lang='lat' dir='ltr'>&#39;pontum</span> <span class='ocrx_word' id='word_1_139' title='bbox 783 2388 914 2472; x_wconf 85' lang='lat' dir='ltr'>vehant,</span> 
     </span>
     <span class='ocr_line' id='line_1_26' title="bbox 86 2477 720 2566; baseline 0 -23"><span class='ocrx_word' id='word_1_140' title='bbox 86 2477 207 2544; x_wconf 85' lang='lat' dir='ltr'>effusus</span> <span class='ocrx_word' id='word_1_141' title='bbox 231 2480 335 2544; x_wconf 88' lang='lat' dir='ltr'>omnis</span> <span class='ocrx_word' id='word_1_142' title='bbox 359 2479 471 2566; x_wconf 81' lang='lat' dir='ltr'>irriget</span> <span class='ocrx_word' id='word_1_143' title='bbox 492 2483 593 2544; x_wconf 83' lang='lat' dir='ltr'>terras</span> <span class='ocrx_word' id='word_1_144' title='bbox 617 2502 720 2561; x_wconf 88' lang='lat' dir='ltr'>cruor,</span> 
     </span>
     <span class='ocr_line' id='line_1_27' title="bbox 87 2567 839 2654; baseline -0.001 -22"><span class='ocrx_word' id='word_1_145' title='bbox 87 2590 248 2651; x_wconf 84' lang='lat' dir='ltr'>supraque</span> <span class='ocrx_word' id='word_1_146' title='bbox 271 2590 405 2654; x_wconf 79' lang='lat' dir='ltr'>magnos</span> <span class='ocrx_word' id='word_1_147' title='bbox 429 2569 574 2654; x_wconf 80' lang='lat' dir='ltr'>gentium</span> <span class='ocrx_word' id='word_1_148' title='bbox 598 2568 720 2632; x_wconf 85' lang='lat' dir='ltr'>exultet</span> <span class='ocrx_word' id='word_1_149' title='bbox 743 2567 839 2631; x_wconf 88' lang='lat' dir='ltr'>duces</span> 
     </span>
     <span class='ocr_line' id='line_1_28' title="bbox 87 2656 827 2740; baseline -0.001 -20"><span class='ocrx_word' id='word_1_150' title='bbox 87 2656 202 2721; x_wconf 88' lang='lat' dir='ltr'>Libido</span> <span class='ocrx_word' id='word_1_151' title='bbox 226 2656 355 2722; x_wconf 80' lang='lat' dir='ltr'>victrix:</span> <span class='ocrx_word' id='word_1_152' title='bbox 379 2657 480 2740; x_wconf 90' lang='lat' dir='ltr'>impia</span> <span class='ocrx_word' id='word_1_153' title='bbox 503 2662 651 2740; x_wconf 85' lang='lat' dir='ltr'>stuprum</span> <span class='ocrx_word' id='word_1_154' title='bbox 674 2657 708 2721; x_wconf 93' lang='lat' dir='ltr'>in</span> <span class='ocrx_word' id='word_1_155' title='bbox 731 2656 827 2719; x_wconf 90' lang='lat' dir='ltr'>domo</span> 
     </span>
     <span class='ocr_line' id='line_1_29' title="bbox 86 2744 800 2830; baseline -0.003 -21"><span class='ocrx_word' id='word_1_156' title='bbox 86 2746 287 2811; x_wconf 85' lang='lat' dir='ltr'>levissimum</span> <span class='ocrx_word' id='word_1_157' title='bbox 311 2747 353 2810; x_wconf 88' lang='lat' dir='ltr'>sit</span> <span class='ocrx_word' id='word_1_158' title='bbox 375 2746 514 2830; x_wconf 81' lang='lat' dir='ltr'>facinus3</span> <span class='ocrx_word' id='word_1_159' title='bbox 540 2750 572 2810; x_wconf 88' lang='lat' dir='ltr'>et</span> <span class='ocrx_word' id='word_1_160' title='bbox 593 2745 642 2810; x_wconf 88' lang='lat' dir='ltr'>fas</span> <span class='ocrx_word' id='word_1_161' title='bbox 667 2751 699 2810; x_wconf 87' lang='lat' dir='ltr'>et</span> <span class='ocrx_word' id='word_1_162' title='bbox 720 2744 800 2808; x_wconf 88' lang='lat' dir='ltr'>fides</span> 
     </span>
     <span class='ocr_line' id='line_1_30' title="bbox 12 2833 935 2919; baseline -0.002 -21"><span class='ocrx_word' id='word_1_163' title='bbox 12 2836 14 2841; x_wconf 80' lang='grc'><strong>’</strong></span> <span class='ocrx_word' id='word_1_164' title='bbox 87 2834 201 2918; x_wconf 88' lang='lat' dir='ltr'>iusque</span> <span class='ocrx_word' id='word_1_165' title='bbox 226 2857 320 2899; x_wconf 90' lang='lat' dir='ltr'>omne</span> <span class='ocrx_word' id='word_1_166' title='bbox 343 2839 460 2919; x_wconf 88' lang='lat' dir='ltr'>pereat.</span> <span class='ocrx_word' id='word_1_167' title='bbox 507 2856 573 2898; x_wconf 91' lang='lat' dir='ltr'>non</span> <span class='ocrx_word' id='word_1_168' title='bbox 596 2834 639 2899; x_wconf 88' lang='lat' dir='ltr'>sit</span> <span class='ocrx_word' id='word_1_169' title='bbox 662 2857 681 2898; x_wconf 88' lang='lat' dir='ltr'>a</span> <span class='ocrx_word' id='word_1_170' title='bbox 702 2833 818 2898; x_wconf 83' lang='lat' dir='ltr'>vestris</span> <span class='ocrx_word' id='word_1_171' title='bbox 841 2833 935 2896; x_wconf 84' lang='lat' dir='ltr'>malis</span> 
     </span>
     <span class='ocr_line' id='line_1_31' title="bbox 87 2922 868 3004; baseline -0.001 -19"><span class='ocrx_word' id='word_1_172' title='bbox 87 2922 230 2987; x_wconf 89' lang='lat' dir='ltr'>immune</span> <span class='ocrx_word' id='word_1_173' title='bbox 254 2926 387 2989; x_wconf 89' lang='lat' dir='ltr'>caelum.</span> <span class='ocrx_word' id='word_1_174' title='bbox 433 2946 490 2989; x_wconf 89' lang='lat' dir='ltr'>cur</span> <span class='ocrx_word' id='word_1_175' title='bbox 512 2924 634 2988; x_wconf 85' lang='lat' dir='ltr'>micant</span> <span class='ocrx_word' id='word_1_176' title='bbox 657 2922 768 2987; x_wconf 88' lang='lat' dir='ltr'>stellae</span> <span class='ocrx_word' id='word_1_177' title='bbox 791 2923 868 3004; x_wconf 93' lang='lat' dir='ltr'>polo</span> 
     </span>
     <span class='ocr_line' id='line_1_32' title="bbox 87 3009 907 3095; baseline 0 -22"><span class='ocrx_word' id='word_1_178' title='bbox 87 3009 297 3095; x_wconf 87' lang='lat' dir='ltr'>flammaeque</span> <span class='ocrx_word' id='word_1_179' title='bbox 325 3017 453 3078; x_wconf 87' lang='lat' dir='ltr'>servant</span> <span class='ocrx_word' id='word_1_180' title='bbox 476 3012 620 3076; x_wconf 88' lang='lat' dir='ltr'>debitum</span> <span class='ocrx_word' id='word_1_181' title='bbox 643 3010 763 3075; x_wconf 88' lang='lat' dir='ltr'>mundo</span> <span class='ocrx_word' id='word_1_182' title='bbox 790 3009 907 3074; x_wconf 80' lang='lat' dir='ltr'>decus?</span> 
     </span>
     <span class='ocr_line' id='line_1_33' title="bbox 87 3099 692 3185; baseline 0.002 -23"><span class='ocrx_word' id='word_1_183' title='bbox 87 3120 153 3162; x_wconf 83' lang='lat' dir='ltr'>nox</span> <span class='ocrx_word' id='word_1_184' title='bbox 177 3099 240 3164; x_wconf 89' lang='lat' dir='ltr'>alia</span> <span class='ocrx_word' id='word_1_185' title='bbox 262 3101 332 3185; x_wconf 86' lang='lat' dir='ltr'>fiat,</span> <span class='ocrx_word' id='word_1_186' title='bbox 356 3101 483 3166; x_wconf 86' lang='lat' dir='ltr'>excidat</span> <span class='ocrx_word' id='word_1_187' title='bbox 505 3102 593 3165; x_wconf 90' lang='lat' dir='ltr'>caelo</span> <span class='ocrx_word' id='word_1_188' title='bbox 618 3100 692 3164; x_wconf 84' lang='lat' dir='ltr'>dies.</span> 
     </span>
     <span class='ocr_line' id='line_1_34' title="bbox 86 3187 721 3273; baseline 0.003 -23"><span class='ocrx_word' id='word_1_189' title='bbox 86 3187 185 3252; x_wconf 89' lang='lat' dir='ltr'>misce</span> <span class='ocrx_word' id='word_1_190' title='bbox 208 3193 354 3273; x_wconf 85' lang='lat' dir='ltr'>penates,</span> <span class='ocrx_word' id='word_1_191' title='bbox 377 3190 452 3254; x_wconf 86' lang='lat' dir='ltr'>odia</span> <span class='ocrx_word' id='word_1_192' title='bbox 474 3188 585 3254; x_wconf 85' lang='lat' dir='ltr'>caedes</span> <span class='ocrx_word' id='word_1_193' title='bbox 608 3190 721 3254; x_wconf 74' lang='lat' dir='ltr'>itinera</span> 
     </span>
    </p>
   </div>
   <div class='ocr_carea' id='block_1_3' title="bbox 85 3344 1106 3629">
    <p class='ocr_par' dir='ltr' id='par_1_4' title="bbox 85 3344 1106 3629">
     <span class='ocr_line' id='line_1_35' title="bbox 157 3344 1104 3415; baseline 0 -19"><span class='ocrx_word' id='word_1_194' title='bbox 157 3348 192 3396; x_wconf 77' lang='lat'>86</span> <span class='ocrx_word' id='word_1_195' title='bbox 211 3344 386 3415; x_wconf 81' lang='lat' dir='ltr'>stringantur</span> <span class='ocrx_word' id='word_1_196' title='bbox 404 3362 483 3401; x_wconf 81' lang='lat' dir='ltr'>enses</span> <span class='ocrx_word' id='word_1_197' title='bbox 502 3350 525 3398; x_wconf 84' lang='grc' dir='ltr'><strong>Δ</strong></span> <span class='ocrx_word' id='word_1_198' title='bbox 547 3349 551 3415; x_wconf 83' lang='grc' dir='ltr'>Ι</span> <span class='ocrx_word' id='word_1_199' title='bbox 573 3361 626 3399; x_wconf 89' lang='lat' dir='ltr'>neo</span> <span class='ocrx_word' id='word_1_200' title='bbox 644 3344 721 3399; x_wconf 75' lang='lat' dir='ltr'>sits</span> <span class='ocrx_word' id='word_1_201' title='bbox 753 3348 763 3415; x_wconf 68' lang='grc' dir='ltr'>Ιι</span> <span class='ocrx_word' id='word_1_202' title='bbox 794 3349 829 3398; x_wconf 74' lang='lat'>38</span> <span class='ocrx_word' id='word_1_203' title='bbox 847 3345 1015 3414; x_wconf 87' lang='lat' dir='ltr'>repetatque</span> <span class='ocrx_word' id='word_1_204' title='bbox 1035 3348 1072 3396; x_wconf 73' lang='grc' dir='ltr'>Δτ</span> <span class='ocrx_word' id='word_1_205' title='bbox 1094 3344 1104 3415; x_wconf 65' lang='lat'>1}</span> 
     </span>
     <span class='ocr_line' id='line_1_36' title="bbox 86 3414 1105 3486; baseline 0 -19"><span class='ocrx_word' id='word_1_206' title='bbox 86 3418 121 3468; x_wconf 76' lang='lat'>86</span> <span class='ocrx_word' id='word_1_207' title='bbox 140 3414 275 3484; x_wconf 85' lang='lat' dir='ltr'>luctuque</span> <span class='ocrx_word' id='word_1_208' title='bbox 299 3423 320 3470; x_wconf 77' lang='grc'>14</span> <span class='ocrx_word' id='word_1_209' title='bbox 352 3419 361 3486; x_wconf 86' lang='grc' dir='ltr'>ΙΙ</span> <span class='ocrx_word' id='word_1_210' title='bbox 392 3422 428 3470; x_wconf 90' lang='grc'>44</span> <span class='ocrx_word' id='word_1_211' title='bbox 452 3420 589 3471; x_wconf 76' lang='lat' dir='ltr'>omnosA</span> <span class='ocrx_word' id='word_1_212' title='bbox 619 3418 629 3485; x_wconf 81' lang='grc' dir='ltr'>ΙΙ</span> <span class='ocrx_word' id='word_1_213' title='bbox 661 3420 694 3469; x_wconf 77' lang='grc'>47</span> <span class='ocrx_word' id='word_1_214' title='bbox 719 3416 770 3469; x_wconf 89' lang='lat' dir='ltr'>lev.</span> <span class='ocrx_word' id='word_1_215' title='bbox 793 3415 843 3484; x_wconf 77' lang='lat' dir='ltr'>ait3</span> <span class='ocrx_word' id='word_1_216' title='bbox 866 3415 962 3469; x_wconf 85' lang='lat' dir='ltr'>fratris</span> <span class='ocrx_word' id='word_1_217' title='bbox 986 3432 1014 3469; x_wconf 86' lang='grc' dir='ltr'>ω</span> <span class='ocrx_word' id='word_1_218' title='bbox 1035 3431 1105 3470; x_wconf 81' lang='lat' dir='ltr'>corr.</span> 
     </span>
     <span class='ocr_line' id='line_1_37' title="bbox 87 3485 1106 3557; baseline 0.001 -18"><span class='ocrx_word' id='word_1_219' title='bbox 87 3485 204 3557; x_wconf 73' lang='lat' dir='ltr'>Bentley</span> <span class='ocrx_word' id='word_1_220' title='bbox 236 3489 245 3556; x_wconf 81' lang='grc' dir='ltr'>ΙΙ</span> <span class='ocrx_word' id='word_1_221' title='bbox 276 3493 310 3540; x_wconf 75' lang='grc'>48</span> <span class='ocrx_word' id='word_1_222' title='bbox 330 3503 347 3541; x_wconf 93' lang='lat' dir='ltr'>a</span> <span class='ocrx_word' id='word_1_223' title='bbox 366 3494 455 3543; x_wconf 55' lang='lat' dir='ltr'>om]</span> <span class='ocrx_word' id='word_1_224' title='bbox 486 3490 495 3557; x_wconf 76' lang='grc' dir='ltr'>ΙΙ</span> <span class='ocrx_word' id='word_1_225' title='bbox 527 3493 562 3541; x_wconf 79' lang='grc'>49</span> <span class='ocrx_word' id='word_1_226' title='bbox 580 3504 644 3542; x_wconf 86' lang='lat' dir='ltr'>oum</span> <span class='ocrx_word' id='word_1_227' title='bbox 662 3488 810 3542; x_wconf 69' lang='lat' dir='ltr'>micante</span> <span class='ocrx_word' id='word_1_228' title='bbox 841 3489 851 3556; x_wconf 70' lang='grc' dir='ltr'>ΙΙ</span> <span class='ocrx_word' id='word_1_229' title='bbox 882 3492 917 3539; x_wconf 76' lang='lat' dir='ltr'>oo</span> <span class='ocrx_word' id='word_1_230' title='bbox 934 3485 1106 3555; x_wconf 84' lang='lat' dir='ltr'>flammaque</span> 
     </span>
     <span class='ocr_line' id='line_1_38' title="bbox 85 3556 398 3629; baseline 0.003 -20"><span class='ocrx_word' id='word_1_231' title='bbox 85 3556 202 3629; x_wconf 75' lang='lat' dir='ltr'>Bentley</span> <span class='ocrx_word' id='word_1_232' title='bbox 216 3560 226 3628; x_wconf 64' lang='grc' dir='ltr'>ΙΙ</span> <span class='ocrx_word' id='word_1_233' title='bbox 239 3563 272 3612; x_wconf 77' lang='lat' dir='ltr'>cl</span> <span class='ocrx_word' id='word_1_234' title='bbox 293 3561 356 3614; x_wconf 82' lang='lat' dir='ltr'>atra</span> <span class='ocrx_word' id='word_1_235' title='bbox 375 3562 398 3610; x_wconf 84' lang='grc' dir='ltr'><strong>Δ</strong></span> 
     </span>
    </p>
   </div>
   <div class='ocr_carea' id='block_1_4' title="bbox 0 0 1202 3990">
    <p class='ocr_par' dir='ltr' id='par_1_5' title="bbox 0 0 1202 3990">
     <span class='ocr_line' id='line_1_39' title="bbox 0 0 1202 3990; baseline 0 1"><span class='ocrx_word' id='word_1_236' title='bbox 0 0 1202 3990; x_wconf 95' lang='lat' dir='ltr'> </span> 
     </span>
    </p>
   </div>
  </div>
 </body>
</html>
