2394 3990
373 221 562 276 HEROVLES
582 223 772 295 [OETAEVS]
1015 227 1080 293 355

63 374 204 451 utroque
228 368 341 432 dextra
363 372 412 432 est
435 369 567 450 scelere,
590 390 645 432 seu
670 374 772 433 mater
793 392 912 435 nocens

64 481 123 522 seu
147 457 215 521 dira
238 478 330 521 soror
353 478 400 542 es3
423 456 503 521 adde
526 479 577 521 me
601 458 752 522 comitem
775 460 854 542 tuis,

63 546 214 611 Threicia
237 544 391 628 coniunx,
414 545 601 630 sceleribns3
624 550 732 610 natam
756 552 859 631 tuam,

63 635 204 700 Althaea
227 638 338 717 mater,
361 635 481 718 recipe,
503 656 589 699 nune
612 657 719 699 veram
743 636 793 700 tui

62 745 203 811 agnosce
226 725 350 807 prolem
370 723 509 805 —quid
532 728 641 788 tamen
663 727 791 788 tantum
815 747 929 790 manus

63 818 189 878 vestrae
212 812 435 876 abstulerunt?
459 812 597 876 claudite
620 812 768 898 Elysium
791 815 873 878 mihi

64 923 286 986 quaecumque
309 900 391 965 fidae
415 902 568 986 coniuges
591 903 731 966 nemoris
755 904 836 966 sacri

62 994 157 1056 lucos
179 991 311 1074 tenetis3
335 990 362 1054 si
386 1011 449 1074 qua
472 991 624 1074 respersit
646 1013 761 1055 manus

62 1081 126 1145 viri
150 1101 261 1144 eruore
284 1099 343 1142 nee
366 1101 490 1143 memor
513 1083 618 1144 castae
640 1079 720 1144 fecis

63 1171 178 1234 stricto
203 1172 333 1232 eruenta
356 1167 463 1232 Belias
486 1169 570 1232 ferro
595 1169 697 1251 stetit,

61 1260 98 1322 in
122 1280 174 1321 me
197 1279 270 1321 suas
294 1260 448 1342 agnoscat
471 1261 503 1320 et
524 1257 634 1321 laudet
657 1279 779 1321 manus.

61 1349 98 1411 in
122 1347 206 1411 hane
229 1346 316 1410 abire
340 1345 514 1432 coniugum
537 1346 666 1410 turbam
689 1347 782 1429 libet3

63 1436 121 1502 sed
145 1440 177 1499 et
199 1435 256 1499 illa
278 1434 383 1520 fugiet
405 1436 501 1499 turba
523 1438 590 1498 tam
614 1435 698 1499 diras
721 1456 844 1498 manus.

61 1525 184 1589 invicte
208 1523 361 1608 coniunx,
385 1525 539 1590 innocens
562 1524 688 1588 animus
711 1523 805 1606 mihi,

63 1615 200 1678 scelesta
221 1633 335 1676 manus
359 1616 414 1677 est.
461 1633 520 1697 pro
544 1613 640 1676 nimis
663 1633 754 1677 mens
778 1612 919 1698 credule,
1028 1629 1079 1677 965

61 1725 123 1788 pro
147 1700 250 1767 Nesse
273 1700 373 1765 fallax
396 1705 493 1784 atque
517 1701 657 1765 semiferi
680 1701 759 1765 doli!

61 1791 189 1855 auferre
213 1791 345 1873 eupiens
368 1790 484 1874 paelici
507 1791 611 1873 eripui
634 1789 723 1852 mihi.

61 1881 189 1963 recede,
212 1878 322 1962 Titan,
344 1883 444 1962 tuque
468 1900 549 1961 quae
573 1879 690 1943 blanda
713 1882 802 1942 tenes

61 1971 98 2033 in
120 1970 192 2033 luce
216 1968 349 2032 miseros
372 1969 453 2032 vita:
477 1968 615 2032 caritura
637 1967 778 2032 Hercule

60 2061 121 2122 lux
143 2057 217 2122 vilis
240 2057 302 2120 ista
325 2060 381 2121 est.
427 2057 554 2143 exigam
577 2078 696 2139 poenas
719 2056 781 2120 tibi

61 2147 257 2229 reddamque
280 2145 389 2209 vitam.
434 2145 502 2209 fata
525 2167 567 2209 an
590 2147 727 2210 extendo
750 2168 821 2208 mea

61 2239 277 2318 mortemque,
301 2234 456 2317 coniunx,
479 2235 519 2298 ad
541 2239 613 2298 tuas
637 2257 728 2300 serve
751 2235 887 2298 manus?

61 2326 209 2388 virtusne
233 2327 378 2406 superest
401 2324 510 2406 aliqua
533 2326 565 2387 et
588 2328 728 2387 amnatae
752 2345 865 2387 manus

61 2412 228 2478 intendere
251 2432 360 2476 areum
383 2412 448 2476 tela
470 2412 644 2476 missurum
666 2412 796 2475 valent?

61 2525 104 2566 an
128 2523 216 2565 arma
239 2505 364 2565 cessant
386 2505 482 2584 teque
505 2502 672 2586 languenti
695 2523 793 2563 manu
1025 2516 1077 2565 975

60 2613 130 2655 nen
152 2590 242 2654 audit
264 2589 378 2654 arens?
402 2591 430 2654 si
452 2595 545 2673 petes
567 2591 669 2654 letum
693 2589 780 2672 dare,

61 2680 207 2744 animose
230 2679 385 2761 coniunx,
408 2680 570 2744 dexteram
594 2682 728 2763 expecto
752 2682 850 2741 tuam.

134 2876 183 2923 991
201 2873 320 2938 utraque
339 2875 362 2923 A
387 2874 391 2939 1
417 2870 572 2925 dexteras
598 2874 601 2940 1
627 2871 730 2926 scelere
741 2902 774 2910 —
790 2886 818 2924 es
840 2885 890 2923 om.
910 2870 964 2923 A(v)
984 2870 1019 2936 ef.
1040 2871 1078 2924 ad

59 2960 84 2998 77.
101 2943 180 3012 97311
198 2947 251 2994 994
269 2941 395 2996 altheam
413 2949 434 2995 Ε
451 2945 455 3012 1
471 2945 550 2996 tuem
569 2947 592 2995 A
611 2945 621 3012 11
644 2948 696 2994 999
715 2958 738 2995 e.
753 2941 822 2995 fides
840 2942 894 2993 A(1)
915 2944 923 3011 11
945 2946 998 2993 999
1017 2959 1036 2995 s.
1054 2959 1076 2995 e.

58 3013 138 3067 bella
157 3029 221 3067 eum
238 3013 311 3067 ferro
329 3019 351 3066 A
370 3015 405 3080 ef.
421 3013 473 3082 Hs.
487 3019 543 3070 261
564 3016 573 3083 11
593 3019 642 3066 991
661 3016 812 3083 cognoseat
830 3016 853 3064 A
873 3014 882 3081 11
903 3017 956 3065 999
974 3012 1005 3065 in
1024 3013 1078 3066 hae

59 3085 140 3140 abire
159 3084 306 3154 coniugem
324 3086 408 3138 turba
426 3085 445 3140 1,
461 3091 481 3138 Ε
502 3087 512 3155 11
532 3091 584 3138 999
603 3085 653 3138 sed
671 3091 757 3140 omn
778 3087 788 3154 11
808 3089 860 3136 999
879 3098 923 3137 res
943 3084 1015 3138 cred.
1030 3090 1052 3137 A
1066 3085 1076 3156 11

58 3161 114 3210 999
132 3170 255 3224 namque
273 3155 395 3210 semiferi
415 3156 487 3210 dolis
505 3161 528 3209 A
554 3160 564 3227 11
591 3161 644 3210 999
663 3156 783 3209 cariture
802 3159 825 3207 A
851 3156 861 3224 11
888 3160 941 3208 970
959 3155 1008 3208 lux
1025 3155 1078 3209 illa

59 3227 152 3282 sistat.
181 3227 277 3297 exigat
295 3242 382 3296 penas
402 3227 515 3297 91911911
529 3233 578 3282 971
595 3227 692 3280 fatane
707 3229 761 3280 ext.
776 3231 799 3279 A
812 3228 821 3295 11
836 3231 889 3279 979
907 3226 937 3279 in
953 3229 1017 3280 tuas
1031 3232 1054 3280 A
1071 3228 1074 3298 1

59 3315 168 3354 servem
187 3302 210 3351 A
241 3301 251 3368 11
281 3303 333 3352 979
353 3301 503 3353 armateE
526 3316 594 3354 corr.
613 3299 731 3367 Lipsius
754 3297 850 3366 aliqua
869 3297 1025 3352 Sarmatina
1049 3301 1077 3352 et

58 3374 202 3424 manusA
233 3372 243 3439 1
269 3375 335 3438 post
352 3375 404 3424 979
424 3371 556 3425 areentur
577 3388 600 3424 v.
621 3375 674 3423 999
692 3371 745 3424 ale:
768 3385 817 3423 seu
841 3369 903 3422 dira
925 3387 1002 3424 soror
1025 3372 1076 3423 est.

58 3442 135 3496 adde
148 3457 194 3495 me
208 3441 339 3495 comitem
353 3441 411 3495 tuis
425 3445 448 3493 A
462 3441 496 3507 ef.
512 3443 549 3496 ad
562 3459 586 3496 v.
601 3445 655 3496 951
669 3442 678 3510 11
692 3445 744 3493 974
762 3440 927 3495 miserorum
945 3441 1041 3494 valent
1055 3445 1076 3490 9

58 3513 212 3567 missurum
229 3512 305 3566 valet
323 3517 346 3565 A
366 3515 376 3582 11
396 3517 449 3565 979
468 3527 535 3566 aren
553 3519 574 3564 9
591 3516 594 3582 1
610 3514 704 3582 potest
722 3511 810 3566 telum
830 3512 855 3565 d.
871 3515 894 3563 A
914 3514 924 3581 11
945 3517 996 3564 977
1016 3510 1076 3563 ani-

57 3599 140 3639 mosa
158 3588 181 3636 A
443 3586 445 3590 ’

375 3696 516 3758 Α
864 3671 922 3726 aa*
1074 3660 1136 3758 Ι
