2394 3990
437 214 624 271 emenus

260 363 292 424 et
315 361 376 425 diri
398 362 483 425 mela
505 363 657 445 pectoris,

260 471 355 533 quem
378 463 445 514 non
467 450 601 515 ambitio
625 451 774 534 inpotens

260 540 293 603 et
315 560 492 622 numquam
514 539 639 604 stebilis
661 540 754 604 favor

258 628 350 712 vulgi
371 627 557 711 praecipitis
580 632 701 710 movet,

259 737 325 868 no?
348 716 502 868 qugcqffliid
523 716 608 781 fodit
630 715 787 783 Occidens

259 827 300 869 eu
337 827 424 869 una
470 827 549 891 ugus
573 828 668 871 auree

260 894 347 957 clero
371 893 500 958 devehit
523 894 628 978 alveo,

258 1003 325 1046 non
348 983 501 1066 quiequid
522 982 652 1067 Libyeis
675 983 752 1048 terit

258 1071 385 1136 fervens
408 1094 481 1136 eree
503 1072 674 1155 messibus,

259 1181 354 1243 quem
377 1181 444 1231 non
466 1161 628 1226 concutiet
650 1160 766 1226 cudens

259 1248 384 1332 obliqui
406 1250 459 1313 via
480 1248 639 1332 fulminis,

257 1358 323 1401 non
344 1336 453 1402 Eurus
475 1339 602 1421 rapiens
625 1359 712 1403 marc

258 1428 315 1490 eut
337 1448 431 1491 saevo
454 1426 585 1491 rubidus
607 1428 690 1492 freto

258 1515 385 1578 ventosi
407 1519 516 1580 tumor
537 1514 690 1598 Hedsiee,

259 1624 354 1685 quem
377 1625 444 1667 non
465 1605 577 1670 lancea
598 1605 726 1687 militis,

257 1711 324 1754 non
347 1691 477 1756 strictus
501 1692 626 1757 domuit
649 1692 797 1776 chalybs,

257 1779 314 1861 qui
336 1782 408 1844 tuto
431 1780 558 1863 positus
580 1780 653 1846 loco

257 1867 341 1931 infre
364 1889 397 1933 se
420 1867 508 1932 videt
531 1870 640 1933 omniu

258 1956 460 2039 occmnitque
483 1979 541 2022 suo
564 1958 669 2022 libens

255 2045 323 2109 fato
347 2065 406 2110 nec
429 2047 574 2129 queritur
596 2048 687 2110 mori.

323 2133 428 2220 Reges
452 2136 645 2200 convenient
666 2137 743 2200 licet

257 2222 314 2305 qui
336 2244 464 2306 sparsos
487 2224 612 2308 agitent
634 2223 757 2308 Dehas,

258 2312 314 2394 qui
336 2312 427 2376 rubri
449 2311 531 2376 voda
552 2314 657 2378 litoris

256 2403 288 2463 et
311 2401 447 2486 gemmis
470 2423 558 2466 mare
580 2402 695 2467 lucidis

255 2488 320 2552 lete
344 2489 555 2575 sanguineum
579 2493 701 2575 tenent,

255 2580 312 2641 eut
335 2579 391 2661 qui
415 2577 531 2661 Caspio
553 2579 692 2643 fortibus

254 2665 425 2731 recludunt
447 2667 524 2752 iuga
547 2666 715 2751 Summotis,

256 2758 355 2819 certet
377 2754 519 2821 Danuvii
544 2757 661 2821 vudum

255 2844 351 2908 audet
374 2845 430 2927 qui
452 2844 549 2928 pedes
573 2845 698 2930 ingredi

255 2936 287 2996 et
310 2929 527 3018 (quocumque
549 2935 622 2998 loco
646 2932 765 3018 iacent)

259 3018 352 3086 Seres
374 3022 491 3086 vellere
513 3022 652 3087 nobiles:
983 3039 1034 3088 379

253 3110 302 3174 nil
323 3110 399 3174 ullis
423 3133 504 3194 opus
528 3115 577 3176 est
599 3111 706 3195 equis,
983 3128 1033 3177 381

254 3199 302 3263 nil
325 3199 422 3265 ermis
446 3204 478 3264 et
500 3200 656 3264 inertibus

88 3358 143 3407 ese
156 3353 297 3424 impotens
309 3361 333 3409 s
346 3357 356 3426 u
370 3361 510 3409 ess-ees
526 3373 575 3410 un.
590 3362 611 3408 n
626 3358 634 3426 Ιι
649 3361 702 3409 ese
720 3355 857 3424 obliviqui
870 3363 891 3410 n
906 3360 914 3428 μ
929 3363 978 3412 eei
990 3373 1035 3412 ra-

43 3424 102 3481 dus
125 3429 150 3479 A
170 3428 180 3497 11
199 3431 254 3481 802
272 3427 370 3483 eds-ise
383 3432 411 3480 <A
433 3429 443 3498 ΙΙ
465 3426 636 3487 36318ηοθα
653 3426 771 3482 immitis
789 3433 810 3480 Ε
830 3431 839 3499 l
859 3434 912 3482 ³⁷⁰
931 3429 1035 3484 dechos

43 3495 126 3565 aeos)
136 3500 160 3561 Δ
171 3498 183 3567 ΙΙ
195 3496 363 3563 8⁸11list01i!
376 3503 399 3563 ,Β
411 3499 424 3569 l
434 3503 489 3553 8¹18
506 3497 632 3568 lucidum
641 3503 665 3551 Δ
680 3500 731 3566 (sc'c
740 3500 867 3570 Bentley)
882 3501 891 3569 ΙΙ
905 3505 957 3553 878
972 3516 1035 3554 sun-

43 3564 129 3621 uineis
148 3568 265 3641 Bentley
277 3570 288 3641 t
300 3572 355 3625 8³10
372 3568 491 3625 danubii
508 3569 613 3624 nedum
632 3577 653 3623 Ε
673 3569 830 3625 danubium
847 3570 917 3625 licet
935 3575 960 3622 k
