2394 3990
151 225 215 289 416
584 223 733 278 11501111

150 392 246 453 quem
270 368 297 433 si
319 368 427 432 fovere
450 373 547 451 atque
570 368 655 433 alere
678 369 824 453 desistas,
848 370 936 436 eadit
1191 432 1193 451 ,

149 459 302 544 brevique
325 459 408 521 vires
431 458 538 540 perdit
560 458 721 522 extinctus
744 480 826 523 suas.
1111 481 1152 529 565

149 546 341 612 151115Η11110
363 566 433 609 esse
455 547 540 610 vitae
563 547 737 610 maximam
760 569 889 611 oausam
912 570 997 633 reor,

150 660 208 722 per
231 657 328 718 quam
350 635 500 718 voluptas
525 635 641 718 oritur3
663 636 797 700 interitu
820 641 922 720 earet,

150 747 223 790 oum
246 728 432 808 procreetur
455 745 579 806 semper
601 724 778 788 humanum
802 747 904 811 genus

149 813 271 878 Amore
295 817 401 898 grato,
425 813 480 895 qui
503 816 610 876 truoes
632 814 754 877 mulcet
774 813 867 878 feras.

149 903 204 968 hio
226 902 308 965 mihi
330 902 453 986 iugales
476 901 635 985 praeferat
657 903 766 966 taedas
789 903 867 967 deus

149 993 326 1077 iungatque
348 990 468 1053 nostris
490 991 565 1075 igne
588 989 772 1074 Poppaeam
794 993 882 1056 toris.

149 1098 224 1146 51015.
247 1078 313 1143 Vix
336 1079 491 1142 sustinere
513 1080 618 1161 possit
639 1079 699 1143 hos
722 1079 882 1146 thalamos
905 1082 1001 1147 dolor

149 1170 257 1234 ridere
279 1168 407 1252 populi,
430 1171 540 1231 saneta
562 1188 623 1232 neo
644 1169 748 1251 pietas
771 1170 863 1233 sinat.

149 1276 228 1322 NER.
246 1256 449 1320 Prohibebor
470 1278 554 1320 unus
576 1256 681 1321 faeere
704 1259 791 1339 quod
814 1260 940 1325 eunetis
961 1261 1063 1326 lieet?

152 1363 226 1412 suu.
249 1345 373 1409 Maiora
395 1346 535 1428 populus
559 1367 685 1428 semper
707 1368 727 1408 a
749 1367 875 1411 summo
898 1349 1011 1435 exigit.
1114 1367 1156 1415 555

150 1453 229 1498 Nure.
247 1434 343 1498 Libet
366 1434 517 1516 experiri,
539 1435 662 1498 viribus
684 1434 806 1499 fiaotus
829 1436 910 1500 meis

148 1547 192 1587 an
215 1523 307 1588 aedat
329 1523 444 1587 animis
467 1527 586 1586 temere
609 1528 784 1606 conceptus
806 1524 905 1588 favor.

151 1629 224 1677 51515.
249 1611 431 1694 Obsequere
454 1613 563 1694 potius
586 1612 709 1677 civibus
732 1612 879 1696 plaoidus
901 1615 977 1678 tuis.

151 1718 229 1764 151115.
249 1700 334 1764 Male
357 1701 541 1783 imperatur,
564 1722 638 1765 oum
660 1702 745 1787 regit
767 1702 884 1787 vulgus
908 1703 1015 1768 duoes.

151 1806 224 1854 sur.
247 1788 341 1853 Nihil
363 1790 534 1872 impetrare
557 1809 630 1853 eum
653 1790 753 1872 valet,
776 1791 859 1854 iuste
881 1791 979 1857 dolet.
1113 1810 1155 1859 550

150 1897 228 1943 15511.
248 1878 437 1961 Exprimere
459 1879 510 1942 ius
534 1880 596 1961 est,
621 1878 705 1942 ferre
733 1879 820 1961 quod
845 1886 1014 1964 nequeunt
1036 1884 1155 1967 preces?

149 1985 224 2032 sur.
248 1966 376 2052 Negare
399 1966 514 2030 durum
538 1970 594 2031 est.
640 1985 718 2030 Nau.
739 1967 923 2051 Principem
948 1972 1024 2056 eogi
1046 1972 1138 2037 nefas.

151 2074 224 2121 suu.
248 2055 406 2120 Remittat
429 2056 506 2139 ipse.
552 2073 630 2119 NER.
654 2055 753 2120 Fama
777 2058 832 2120 sed
854 2059 977 2122 vietum
1002 2061 1092 2125 feret

151 2162 224 2210 SEN.
248 2144 342 2208 Levis
366 2149 462 2227 atque
485 2167 575 2208 vana.
620 2163 699 2208 155115.
726 2142 775 2208 Sit
796 2146 887 2229 lieet,
915 2147 1039 2213 multos
1067 2153 1156 2214 notat.

151 2250 224 2298 SEN.
248 2233 384 2297 Excelsa
398 2234 521 2297 metuit.
550 2251 629 2296 NER.
643 2231 720 2297 Non
734 2234 840 2298 minus
855 2236 960 2319 earpit
973 2241 1092 2303 tamen.
1113 2254 1155 2303 555

151 2339 224 2386 suu.
248 2321 355 2386 Facile
379 2323 589 2405 opprimetur.
635 2323 749 2387 merita
771 2327 803 2387 te
827 2323 894 2387 divi
916 2327 1020 2408 patris

148 2415 300 2494 aetasque
323 2412 452 2496 frangat
475 2411 635 2497 coniugis,
657 2412 802 2495 probitas
825 2413 938 2495 pudor.

149 2518 227 2565 rurs.
247 2500 374 2564 Desiste
398 2501 541 2583 tandem,
563 2500 628 2563 iam
651 2501 758 2586 gravis
781 2502 918 2565 nimium
942 2503 1039 2588 mihi,

149 2590 282 2654 instare:
304 2589 401 2653 liceat
422 2589 527 2653 faeere
551 2590 636 2672 quod
661 2587 782 2654 Seneca
804 2590 976 2674 improbat.

150 2683 181 2742 et
205 2680 274 2762 ipse
297 2677 411 2761 populi
435 2681 509 2741 vota
532 2678 596 2741 iam
619 2678 743 2761 pridem
767 2700 884 2763 moror,
1115 2699 1158 2749 500

150 2788 223 2832 cum
247 2770 354 2851 portet
376 2770 467 2830 utero
490 2767 609 2852 pignus
633 2771 664 2830 et
686 2771 810 2850 partem
834 2769 906 2832 mei.

150 2857 228 2940 quin
252 2856 449 2920 destinamus
472 2856 655 2938 proximum
678 2856 829 2920 thalamis
853 2856 961 2922 diem?

220 3071 370 3120 566-560
390 3065 504 3120 Samoou
522 3066 721 3120 continuantur
745 3071 768 3118 A
791 3067 899 3122 Neroni
924 3070 1090 3126 5155050005
1112 3084 1159 3138 ¹1².ss

151 3140 203 3189 572
220 3139 316 3206 posset
334 3141 357 3188 A
376 3154 443 3192 corr.
463 3148 491 3202 ψ
505 3139 514 3206 ΙΙ
533 3141 584 3189 573
603 3137 728 3204 fidesque
745 3154 810 3207 pop.
828 3139 866 3191 N.
882 3139 1021 3196 Heinsius
1038 3159 1070 3212 p.
1087 3148 1156 3207 5085

149 3205 282 3277 1111050115
296 3213 348 3260 574
362 3207 571 3279 11105550010155
585 3212 637 3260 576
650 3207 757 3262 fractus
771 3211 813 3263 oet
825 3207 924 3264 fractis
939 3215 962 3262 A
979 3213 1159 3282 0511555011

149 3281 200 3329 577
220 3294 295 3332 cono.
314 3278 392 3333 furor
410 3298 431 3333 α
452 3281 461 3349 ΙΙ
483 3283 534 3331 553
553 3279 701 3348 permittat
719 3292 747 3346 ψ
766 3280 801 3346 ef.
816 3280 875 3348 prs.
896 3281 913 3334 t.
933 3299 961 3336 a.
986 3286 996 3352 ΙΙ
1023 3286 1159 3339 5575101-

148 3350 218 3418 gant
235 3360 264 3414 ψ
278 3352 287 3418 ΙΙ
301 3355 353 3401 590
372 3367 407 3403 en
424 3362 452 3416 ψ
470 3349 675 3419 {iampridem
694 3353 723 3405 et
741 3351 802 3420 ipse
820 3353 887 3405 vota
905 3351 1059 3424 Poppaeae
1078 3373 1160 3411 moror

148 3420 281 3473 Botobeler
304 3422 332 3474 et
351 3421 411 3488 ipse
430 3421 545 3490 propria
561 3422 660 3490 Peiper
