<?xml version="1.0" encoding="UTF-8"?>
<!DOCTYPE html PUBLIC "-//W3C//DTD XHTML 1.0 Transitional//EN"
    "http://www.w3.org/TR/xhtml1/DTD/xhtml1-transitional.dtd">
<html xmlns="http://www.w3.org/1999/xhtml" xml:lang="en" lang="en">
 <head>
  <title>
</title>
<meta http-equiv="Content-Type" content="text/html;charset=utf-8" />
  <meta name='ocr-system' content='tesseract 3.04.00' />
  <meta name='ocr-capabilities' content='ocr_page ocr_carea ocr_par ocr_line ocrx_word'/>
</head>
<body>
  <div class='ocr_page' id='page_1' title='image "./tragoediae01senegoog_0477.png"; bbox 0 0 2394 3990; ppageno 0'>
   <div class='ocr_carea' id='block_1_1' title="bbox 586 220 733 276">
    <p class='ocr_par' dir='ltr' id='par_1_1' title="bbox 586 220 733 276">
     <span class='ocr_line' id='line_1_1' title="bbox 586 220 733 276; baseline 0.014 -2"><span class='ocrx_word' id='word_1_1' title='bbox 586 220 733 276; x_wconf 68' lang='lat' dir='ltr'>mosam</span> 
     </span>
    </p>
   </div>
   <div class='ocr_carea' id='block_1_2' title="bbox 334 368 1022 542">
    <p class='ocr_par' dir='ltr' id='par_1_2' title="bbox 334 368 1022 542">
     <span class='ocr_line' id='line_1_2' title="bbox 334 368 971 437; baseline 0.008 -5"><span class='ocrx_word' id='word_1_2' title='bbox 334 369 396 433; x_wconf 89' lang='lat' dir='ltr'>hae</span> <span class='ocrx_word' id='word_1_3' title='bbox 419 389 459 432; x_wconf 89' lang='lat' dir='ltr'>en</span> <span class='ocrx_word' id='word_1_4' title='bbox 482 368 573 431; x_wconf 88' lang='lat' dir='ltr'>euius</span> <span class='ocrx_word' id='word_1_5' title='bbox 594 371 687 432; x_wconf 84' lang='lat' dir='ltr'>reeta</span> <span class='ocrx_word' id='word_1_6' title='bbox 710 368 818 432; x_wconf 86' lang='lat' dir='ltr'>aerina</span> <span class='ocrx_word' id='word_1_7' title='bbox 968 433 971 437; x_wconf 81' lang='lat'><strong>.</strong></span> 
     </span>
     <span class='ocr_line' id='line_1_3' title="bbox 336 456 1022 542; baseline 0.003 -22"><span class='ocrx_word' id='word_1_8' title='bbox 336 456 498 540; x_wconf 89' lang='lat' dir='ltr'>quendam</span> <span class='ocrx_word' id='word_1_9' title='bbox 521 457 682 542; x_wconf 78' lang='lat' dir='ltr'>genetrix,</span> <span class='ocrx_word' id='word_1_10' title='bbox 704 477 790 521; x_wconf 88' lang='lat' dir='ltr'>nune</span> <span class='ocrx_word' id='word_1_11' title='bbox 813 461 846 521; x_wconf 88' lang='lat' dir='ltr'>et</span> <span class='ocrx_word' id='word_1_12' title='bbox 869 457 1022 523; x_wconf 72' lang='lat' dir='ltr'><strong>thalamis</strong></span> 
     </span>
    </p>
   </div>
   <div class='ocr_carea' id='block_1_3' title="bbox 325 545 1160 2762">
    <p class='ocr_par' dir='ltr' id='par_1_3' title="bbox 335 545 1160 630">
     <span class='ocr_line' id='line_1_4' title="bbox 335 545 1160 630; baseline 0.004 -20"><span class='ocrx_word' id='word_1_13' title='bbox 335 545 469 630; x_wconf 83' lang='lat' dir='ltr'>expulsa</span> <span class='ocrx_word' id='word_1_14' title='bbox 492 566 583 609; x_wconf 90' lang='lat' dir='ltr'>soror</span> <span class='ocrx_word' id='word_1_15' title='bbox 605 545 784 610; x_wconf 84' lang='lat' dir='ltr'>miseranda</span> <span class='ocrx_word' id='word_1_16' title='bbox 807 547 914 610; x_wconf 79' lang='lat' dir='ltr'>vehar.</span> <span class='ocrx_word' id='word_1_17' title='bbox 1095 565 1160 613; x_wconf 80' lang='lat'>-910</span> 
     </span>
    </p>

    <p class='ocr_par' dir='ltr' id='par_1_4' title="bbox 334 632 963 700">
     <span class='ocr_line' id='line_1_5' title="bbox 334 632 963 700; baseline 0.003 -2"><span class='ocrx_word' id='word_1_18' title='bbox 334 636 460 699; x_wconf 78' lang='lat' dir='ltr'>nullum</span> <span class='ocrx_word' id='word_1_19' title='bbox 482 632 590 698; x_wconf 86' lang='lat' dir='ltr'>Pietas</span> <span class='ocrx_word' id='word_1_20' title='bbox 613 654 700 698; x_wconf 88' lang='lat' dir='ltr'>nune</span> <span class='ocrx_word' id='word_1_21' title='bbox 722 656 842 699; x_wconf 91' lang='lat' dir='ltr'>numen</span> <span class='ocrx_word' id='word_1_22' title='bbox 863 635 963 700; x_wconf 89' lang='lat' dir='ltr'>habet</span> 
     </span>
    </p>

    <p class='ocr_par' dir='ltr' id='par_1_5' title="bbox 333 723 636 806">
     <span class='ocr_line' id='line_1_6' title="bbox 333 723 636 806; baseline -0.003 -19"><span class='ocrx_word' id='word_1_23' title='bbox 333 744 394 788; x_wconf 89' lang='lat' dir='ltr'>nee</span> <span class='ocrx_word' id='word_1_24' title='bbox 417 725 491 787; x_wconf 88' lang='lat' dir='ltr'>sunt</span> <span class='ocrx_word' id='word_1_25' title='bbox 516 723 636 806; x_wconf 89' lang='lat' dir='ltr'>superi:</span> 
     </span>
    </p>

    <p class='ocr_par' dir='ltr' id='par_1_6' title="bbox 333 809 865 897">
     <span class='ocr_line' id='line_1_7' title="bbox 333 809 865 897; baseline -0.004 -21"><span class='ocrx_word' id='word_1_26' title='bbox 333 816 448 897; x_wconf 80' lang='lat' dir='ltr'>regnat</span> <span class='ocrx_word' id='word_1_27' title='bbox 470 811 590 875; x_wconf 88' lang='lat' dir='ltr'>mundo</span> <span class='ocrx_word' id='word_1_28' title='bbox 614 811 716 875; x_wconf 87' lang='lat' dir='ltr'>tristis</span> <span class='ocrx_word' id='word_1_29' title='bbox 738 809 865 895; x_wconf 83' lang='lat' dir='ltr'><strong>Erinys.</strong></span> 
     </span>
    </p>

    <p class='ocr_par' dir='ltr' id='par_1_7' title="bbox 335 899 890 985">
     <span class='ocr_line' id='line_1_8' title="bbox 335 899 890 985; baseline 0.002 -21"><span class='ocrx_word' id='word_1_30' title='bbox 335 902 406 984; x_wconf 89' lang='lat' dir='ltr'>quis</span> <span class='ocrx_word' id='word_1_31' title='bbox 429 922 501 965; x_wconf 88' lang='lat' dir='ltr'>mea</span> <span class='ocrx_word' id='word_1_32' title='bbox 524 901 620 985; x_wconf 82' lang='lat' dir='ltr'><strong>digne</strong></span> <span class='ocrx_word' id='word_1_33' title='bbox 644 899 759 964; x_wconf 90' lang='lat' dir='ltr'>deflere</span> <span class='ocrx_word' id='word_1_34' title='bbox 781 904 890 983; x_wconf 84' lang='lat' dir='ltr'>potest</span> 
     </span>
    </p>

    <p class='ocr_par' dir='ltr' id='par_1_8' title="bbox 332 988 1158 1073">
     <span class='ocr_line' id='line_1_9' title="bbox 332 988 1158 1073; baseline 0.002 -20"><span class='ocrx_word' id='word_1_35' title='bbox 332 989 438 1054; x_wconf 80' lang='lat' dir='ltr'>maia?</span> <span class='ocrx_word' id='word_1_36' title='bbox 463 1011 543 1073; x_wconf 89' lang='lat' dir='ltr'>quae</span> <span class='ocrx_word' id='word_1_37' title='bbox 565 989 707 1053; x_wconf 81' lang='lat' dir='ltr'>lacrimis</span> <span class='ocrx_word' id='word_1_38' title='bbox 730 988 848 1053; x_wconf 85' lang='lat' dir='ltr'>nostris</span> <span class='ocrx_word' id='word_1_39' title='bbox 872 993 1007 1072; x_wconf 85' lang='lat' dir='ltr'>questas</span> <span class='ocrx_word' id='word_1_40' title='bbox 1115 1007 1158 1056; x_wconf 80' lang='lat'>915</span> 
     </span>
    </p>

    <p class='ocr_par' dir='ltr' id='par_1_9' title="bbox 333 1077 869 1161">
     <span class='ocr_line' id='line_1_10' title="bbox 333 1077 869 1161; baseline -0.004 -19"><span class='ocrx_word' id='word_1_41' title='bbox 333 1078 463 1142; x_wconf 79' lang='lat' dir='ltr'>reddere</span> <span class='ocrx_word' id='word_1_42' title='bbox 486 1077 611 1142; x_wconf 80' lang='lat' dir='ltr'>aedon?</span> <span class='ocrx_word' id='word_1_43' title='bbox 634 1078 725 1142; x_wconf 87' lang='lat' dir='ltr'>euius</span> <span class='ocrx_word' id='word_1_44' title='bbox 748 1098 869 1161; x_wconf 89' lang='lat' dir='ltr'>pennas</span> 
     </span>
    </p>

    <p class='ocr_par' dir='ltr' id='par_1_10' title="bbox 333 1166 958 1232">
     <span class='ocr_line' id='line_1_11' title="bbox 333 1166 958 1232; baseline 0 -2"><span class='ocrx_word' id='word_1_45' title='bbox 333 1168 457 1231; x_wconf 89' lang='lat' dir='ltr'>utinam</span> <span class='ocrx_word' id='word_1_46' title='bbox 480 1167 615 1231; x_wconf 81' lang='lat' dir='ltr'>miserae</span> <span class='ocrx_word' id='word_1_47' title='bbox 638 1166 720 1230; x_wconf 91' lang='lat' dir='ltr'>mihi</span> <span class='ocrx_word' id='word_1_48' title='bbox 741 1167 809 1231; x_wconf 87' lang='lat' dir='ltr'>fata</span> <span class='ocrx_word' id='word_1_49' title='bbox 833 1167 958 1232; x_wconf 70' lang='lat' dir='ltr'>darent!</span> 
     </span>
    </p>

    <p class='ocr_par' dir='ltr' id='par_1_11' title="bbox 331 1255 849 1341">
     <span class='ocr_line' id='line_1_12' title="bbox 331 1255 849 1341; baseline 0 -22"><span class='ocrx_word' id='word_1_50' title='bbox 331 1256 476 1341; x_wconf 81' lang='lat' dir='ltr'>fugerem</span> <span class='ocrx_word' id='word_1_51' title='bbox 499 1257 607 1320; x_wconf 82' lang='lat' dir='ltr'>laetus</span> <span class='ocrx_word' id='word_1_52' title='bbox 630 1255 737 1320; x_wconf 88' lang='lat' dir='ltr'>ablata</span> <span class='ocrx_word' id='word_1_53' title='bbox 759 1277 849 1320; x_wconf 88' lang='lat' dir='ltr'>meos</span> 
     </span>
    </p>

    <p class='ocr_par' dir='ltr' id='par_1_12' title="bbox 332 1344 908 1428">
     <span class='ocr_line' id='line_1_13' title="bbox 332 1344 908 1428; baseline 0 -20"><span class='ocrx_word' id='word_1_54' title='bbox 332 1367 438 1428; x_wconf 89' lang='lat' dir='ltr'>penna</span> <span class='ocrx_word' id='word_1_55' title='bbox 460 1344 584 1410; x_wconf 84' lang='lat' dir='ltr'>volueri</span> <span class='ocrx_word' id='word_1_56' title='bbox 606 1344 720 1427; x_wconf 82' lang='lat' dir='ltr'>procul</span> <span class='ocrx_word' id='word_1_57' title='bbox 743 1348 776 1409; x_wconf 92' lang='lat' dir='ltr'>et</span> <span class='ocrx_word' id='word_1_58' title='bbox 798 1348 908 1408; x_wconf 89' lang='lat' dir='ltr'>aoetus</span> 
     </span>
    </p>

    <p class='ocr_par' dir='ltr' id='par_1_13' title="bbox 331 1433 1157 1516">
     <span class='ocr_line' id='line_1_14' title="bbox 331 1433 1157 1516; baseline 0.005 -20"><span class='ocrx_word' id='word_1_59' title='bbox 331 1433 500 1499; x_wconf 88' lang='lat' dir='ltr'>hominum</span> <span class='ocrx_word' id='word_1_60' title='bbox 523 1433 631 1498; x_wconf 76' lang='lat' dir='ltr'>tristes</span> <span class='ocrx_word' id='word_1_61' title='bbox 655 1434 848 1516; x_wconf 89' lang='lat' dir='ltr'>eaedemque</span> <span class='ocrx_word' id='word_1_62' title='bbox 869 1433 982 1498; x_wconf 88' lang='lat' dir='ltr'>feram.</span> <span class='ocrx_word' id='word_1_63' title='bbox 1112 1452 1157 1500; x_wconf 77' lang='lat'>920</span> 
     </span>
    </p>

    <p class='ocr_par' dir='ltr' id='par_1_14' title="bbox 332 1521 904 1587">
     <span class='ocr_line' id='line_1_15' title="bbox 332 1521 904 1587; baseline 0.002 -2"><span class='ocrx_word' id='word_1_64' title='bbox 332 1523 400 1586; x_wconf 90' lang='lat' dir='ltr'>sola</span> <span class='ocrx_word' id='word_1_65' title='bbox 423 1521 457 1584; x_wconf 89' lang='lat' dir='ltr'>in</span> <span class='ocrx_word' id='word_1_66' title='bbox 480 1543 582 1587; x_wconf 79' lang='lat' dir='ltr'>saeuo</span> <span class='ocrx_word' id='word_1_67' title='bbox 605 1543 735 1586; x_wconf 89' lang='lat' dir='ltr'>nemore</span> <span class='ocrx_word' id='word_1_68' title='bbox 759 1527 790 1587; x_wconf 91' lang='lat' dir='ltr'>et</span> <span class='ocrx_word' id='word_1_69' title='bbox 813 1524 904 1586; x_wconf 88' lang='lat' dir='ltr'>tenui</span> 
     </span>
    </p>

    <p class='ocr_par' dir='ltr' id='par_1_15' title="bbox 330 1611 896 1696">
     <span class='ocr_line' id='line_1_16' title="bbox 330 1611 896 1696; baseline 0 -21"><span class='ocrx_word' id='word_1_70' title='bbox 330 1633 420 1675; x_wconf 88' lang='lat' dir='ltr'>ramo</span> <span class='ocrx_word' id='word_1_71' title='bbox 445 1612 587 1695; x_wconf 91' lang='lat' dir='ltr'>pendens</span> <span class='ocrx_word' id='word_1_72' title='bbox 610 1611 744 1695; x_wconf 80' lang='lat' dir='ltr'>querulo</span> <span class='ocrx_word' id='word_1_73' title='bbox 768 1633 896 1696; x_wconf 89' lang='lat' dir='ltr'>possem</span> 
     </span>
    </p>

    <p class='ocr_par' dir='ltr' id='par_1_16' title="bbox 333 1700 1088 1876">
     <span class='ocr_line' id='line_1_17' title="bbox 333 1700 1088 1785; baseline 0.001 -21"><span class='ocrx_word' id='word_1_74' title='bbox 333 1704 464 1785; x_wconf 83' lang='lat' dir='ltr'>gutture</span> <span class='ocrx_word' id='word_1_75' title='bbox 487 1704 646 1765; x_wconf 90' lang='lat' dir='ltr'>maestum</span> <span class='ocrx_word' id='word_1_76' title='bbox 667 1700 801 1764; x_wconf 86' lang='lat' dir='ltr'>fundere</span> <span class='ocrx_word' id='word_1_77' title='bbox 824 1722 978 1765; x_wconf 88' lang='lat' dir='ltr'>murmur.</span> <span class='ocrx_word' id='word_1_78' title='bbox 1085 1745 1088 1750; x_wconf 90' lang='lat'>-</span> 
     </span>
     <span class='ocr_line' id='line_1_18' title="bbox 398 1788 1059 1876; baseline 0.005 -24"><span class='ocrx_word' id='word_1_79' title='bbox 398 1805 500 1853; x_wconf 76' lang='lat' dir='ltr'>enos.</span> <span class='ocrx_word' id='word_1_80' title='bbox 523 1788 660 1874; x_wconf 82' lang='lat' dir='ltr'>Regitur</span> <span class='ocrx_word' id='word_1_81' title='bbox 681 1789 758 1853; x_wconf 88' lang='lat' dir='ltr'>fatis</span> <span class='ocrx_word' id='word_1_82' title='bbox 780 1790 918 1854; x_wconf 80' lang='lat' dir='ltr'>mortale</span> <span class='ocrx_word' id='word_1_83' title='bbox 941 1811 1059 1876; x_wconf 84' lang='lat' dir='ltr'>genus,</span> 
     </span>
    </p>

    <p class='ocr_par' dir='ltr' id='par_1_17' title="bbox 330 1878 1155 1962">
     <span class='ocr_line' id='line_1_19' title="bbox 330 1878 1155 1962; baseline 0.004 -21"><span class='ocrx_word' id='word_1_84' title='bbox 330 1897 390 1941; x_wconf 87' lang='lat' dir='ltr'>nee</span> <span class='ocrx_word' id='word_1_85' title='bbox 413 1878 475 1942; x_wconf 90' lang='lat' dir='ltr'>sibi</span> <span class='ocrx_word' id='word_1_86' title='bbox 498 1879 669 1961; x_wconf 88' lang='lat' dir='ltr'>quisquam</span> <span class='ocrx_word' id='word_1_87' title='bbox 693 1879 849 1961; x_wconf 90' lang='lat' dir='ltr'>spondere</span> <span class='ocrx_word' id='word_1_88' title='bbox 871 1882 981 1962; x_wconf 87' lang='lat' dir='ltr'>potest</span> <span class='ocrx_word' id='word_1_89' title='bbox 1111 1897 1155 1945; x_wconf 75' lang='lat'>925</span> 
     </span>
    </p>

    <p class='ocr_par' dir='ltr' id='par_1_18' title="bbox 329 1967 800 2032">
     <span class='ocr_line' id='line_1_20' title="bbox 329 1967 800 2032; baseline 0.011 -3"><span class='ocrx_word' id='word_1_90' title='bbox 329 1967 459 2031; x_wconf 88' lang='lat' dir='ltr'>firmum</span> <span class='ocrx_word' id='word_1_91' title='bbox 483 1971 516 2032; x_wconf 90' lang='lat' dir='ltr'>et</span> <span class='ocrx_word' id='word_1_92' title='bbox 539 1967 653 2032; x_wconf 88' lang='lat' dir='ltr'>stabile</span> <span class='ocrx_word' id='word_1_93' title='bbox 699 1993 715 2026; x_wconf 85' lang='lat'>*</span> <span class='ocrx_word' id='word_1_94' title='bbox 784 1990 800 2027; x_wconf 81' lang='lat'>*</span> 
     </span>
    </p>

    <p class='ocr_par' dir='ltr' id='par_1_19' title="bbox 329 2055 874 2138">
     <span class='ocr_line' id='line_1_21' title="bbox 329 2055 874 2138; baseline 0.004 -20"><span class='ocrx_word' id='word_1_95' title='bbox 329 2077 386 2138; x_wconf 92' lang='lat' dir='ltr'>per</span> <span class='ocrx_word' id='word_1_96' title='bbox 409 2078 505 2138; x_wconf 88' lang='lat' dir='ltr'>quam</span> <span class='ocrx_word' id='word_1_97' title='bbox 529 2077 621 2121; x_wconf 82' lang='lat' dir='ltr'>casus</span> <span class='ocrx_word' id='word_1_98' title='bbox 644 2055 746 2120; x_wconf 86' lang='lat' dir='ltr'>volvit</span> <span class='ocrx_word' id='word_1_99' title='bbox 768 2056 874 2120; x_wconf 79' lang='lat' dir='ltr'>varios</span> 
     </span>
    </p>

    <p class='ocr_par' dir='ltr' id='par_1_20' title="bbox 330 2145 872 2230">
     <span class='ocr_line' id='line_1_22' title="bbox 330 2145 872 2230; baseline 0.007 -24"><span class='ocrx_word' id='word_1_100' title='bbox 330 2165 456 2227; x_wconf 88' lang='lat' dir='ltr'>semper</span> <span class='ocrx_word' id='word_1_101' title='bbox 478 2145 573 2210; x_wconf 90' lang='lat' dir='ltr'>nobis</span> <span class='ocrx_word' id='word_1_102' title='bbox 596 2145 767 2209; x_wconf 87' lang='lat' dir='ltr'>metuenda</span> <span class='ocrx_word' id='word_1_103' title='bbox 790 2145 872 2230; x_wconf 82' lang='lat' dir='ltr'>dies3</span> 
     </span>
    </p>

    <p class='ocr_par' dir='ltr' id='par_1_21' title="bbox 328 2233 926 2317">
     <span class='ocr_line' id='line_1_23' title="bbox 328 2233 926 2317; baseline 0.003 -21"><span class='ocrx_word' id='word_1_104' title='bbox 328 2233 473 2297; x_wconf 89' lang='lat' dir='ltr'>animum</span> <span class='ocrx_word' id='word_1_105' title='bbox 495 2234 626 2298; x_wconf 85' lang='lat' dir='ltr'>firment</span> <span class='ocrx_word' id='word_1_106' title='bbox 648 2235 795 2317; x_wconf 88' lang='lat' dir='ltr'>exempla</span> <span class='ocrx_word' id='word_1_107' title='bbox 818 2238 926 2317; x_wconf 85' lang='lat' dir='ltr'>tuum,</span> 
     </span>
    </p>

    <p class='ocr_par' dir='ltr' id='par_1_22' title="bbox 327 2320 1155 2405">
     <span class='ocr_line' id='line_1_24' title="bbox 327 2320 1155 2405; baseline 0.005 -21"><span class='ocrx_word' id='word_1_108' title='bbox 327 2320 392 2384; x_wconf 92' lang='lat' dir='ltr'>iam</span> <span class='ocrx_word' id='word_1_109' title='bbox 415 2323 517 2386; x_wconf 86' lang='lat' dir='ltr'>multa</span> <span class='ocrx_word' id='word_1_110' title='bbox 541 2323 654 2388; x_wconf 86' lang='lat' dir='ltr'>domus</span> <span class='ocrx_word' id='word_1_111' title='bbox 678 2344 760 2405; x_wconf 88' lang='lat' dir='ltr'>quae</span> <span class='ocrx_word' id='word_1_112' title='bbox 782 2327 889 2388; x_wconf 87' lang='lat' dir='ltr'>vestra</span> <span class='ocrx_word' id='word_1_113' title='bbox 911 2325 1003 2389; x_wconf 75' lang='lat' dir='ltr'>tulit:</span> <span class='ocrx_word' id='word_1_114' title='bbox 1110 2340 1155 2389; x_wconf 82' lang='lat'>930</span> 
     </span>
    </p>

    <p class='ocr_par' dir='ltr' id='par_1_23' title="bbox 328 2411 896 2493">
     <span class='ocr_line' id='line_1_25' title="bbox 328 2411 896 2493; baseline 0.005 -20"><span class='ocrx_word' id='word_1_115' title='bbox 328 2411 406 2493; x_wconf 89' lang='lat' dir='ltr'>quid</span> <span class='ocrx_word' id='word_1_116' title='bbox 430 2411 554 2475; x_wconf 79' lang='lat' dir='ltr'>saevior</span> <span class='ocrx_word' id='word_1_117' title='bbox 577 2417 625 2477; x_wconf 89' lang='lat' dir='ltr'>est</span> <span class='ocrx_word' id='word_1_118' title='bbox 648 2411 791 2476; x_wconf 82' lang='lat' dir='ltr'>Fortuna</span> <span class='ocrx_word' id='word_1_119' title='bbox 814 2411 896 2476; x_wconf 80' lang='lat' dir='ltr'>tibi?</span> 
     </span>
    </p>

    <p class='ocr_par' dir='ltr' id='par_1_24' title="bbox 326 2499 630 2583">
     <span class='ocr_line' id='line_1_26' title="bbox 326 2499 630 2583; baseline 0.013 -21"><span class='ocrx_word' id='word_1_120' title='bbox 326 2501 363 2562; x_wconf 83' lang='lat' dir='ltr'>tu</span> <span class='ocrx_word' id='word_1_121' title='bbox 386 2499 467 2563; x_wconf 87' lang='lat' dir='ltr'>mihi</span> <span class='ocrx_word' id='word_1_122' title='bbox 489 2501 630 2583; x_wconf 88' lang='lat' dir='ltr'>primum</span> 
     </span>
    </p>

    <p class='ocr_par' dir='ltr' id='par_1_25' title="bbox 325 2590 929 2672">
     <span class='ocr_line' id='line_1_27' title="bbox 325 2590 929 2672; baseline 0.002 -21"><span class='ocrx_word' id='word_1_123' title='bbox 325 2591 377 2652; x_wconf 86' lang='lat' dir='ltr'>tot</span> <span class='ocrx_word' id='word_1_124' title='bbox 399 2593 547 2652; x_wconf 87' lang='lat' dir='ltr'>natorum</span> <span class='ocrx_word' id='word_1_125' title='bbox 571 2590 776 2654; x_wconf 88' lang='lat' dir='ltr'>memoranda</span> <span class='ocrx_word' id='word_1_126' title='bbox 799 2611 929 2672; x_wconf 83' lang='lat' dir='ltr'>parens,</span> 
     </span>
    </p>

    <p class='ocr_par' dir='ltr' id='par_1_26' title="bbox 326 2674 895 2762">
     <span class='ocr_line' id='line_1_28' title="bbox 326 2674 895 2762; baseline 0.002 -22"><span class='ocrx_word' id='word_1_127' title='bbox 326 2681 402 2741; x_wconf 87' lang='lat' dir='ltr'>nata</span> <span class='ocrx_word' id='word_1_128' title='bbox 420 2674 599 2762; x_wconf 84' lang='lat' dir='ltr'>Agrippae,</span> <span class='ocrx_word' id='word_1_129' title='bbox 621 2701 721 2743; x_wconf 87' lang='lat' dir='ltr'>nurus</span> <span class='ocrx_word' id='word_1_130' title='bbox 739 2676 895 2762; x_wconf 81' lang='lat' dir='ltr'>Augusti,</span> 
     </span>
    </p>
   </div>
   <div class='ocr_carea' id='block_1_4' title="bbox 138 2921 1159 3632">
    <p class='ocr_par' dir='ltr' id='par_1_27' title="bbox 138 2921 1159 3632">
     <span class='ocr_line' id='line_1_29' title="bbox 214 2921 1156 2994; baseline 0.005 -21"><span class='ocrx_word' id='word_1_131' title='bbox 214 2925 266 2974; x_wconf 78' lang='lat'>908</span> <span class='ocrx_word' id='word_1_132' title='bbox 285 2921 339 2975; x_wconf 87' lang='lat' dir='ltr'>hae</span> <span class='ocrx_word' id='word_1_133' title='bbox 358 2922 420 2990; x_wconf 88' lang='lat' dir='ltr'>(hee</span> <span class='ocrx_word' id='word_1_134' title='bbox 438 2925 477 2994; x_wconf 87' lang='grc' dir='ltr'>ψ)</span> <span class='ocrx_word' id='word_1_135' title='bbox 496 2926 539 2976; x_wconf 87' lang='lat' dir='ltr'>est</span> <span class='ocrx_word' id='word_1_136' title='bbox 557 2928 580 2977; x_wconf 78' lang='grc' dir='ltr'><strong>Δ</strong></span> <span class='ocrx_word' id='word_1_137' title='bbox 598 2940 665 2979; x_wconf 82' lang='lat' dir='ltr'>corr.</span> <span class='ocrx_word' id='word_1_138' title='bbox 681 2925 781 2994; x_wconf 82' lang='lat' dir='ltr'>Peiper</span> <span class='ocrx_word' id='word_1_139' title='bbox 798 2926 807 2993; x_wconf 77' lang='lat' dir='ltr'>l}</span> <span class='ocrx_word' id='word_1_140' title='bbox 828 2929 877 2978; x_wconf 82' lang='lat' dir='ltr'>ele</span> <span class='ocrx_word' id='word_1_141' title='bbox 895 2924 1030 2981; x_wconf 86' lang='lat' dir='ltr'>redderet</span> <span class='ocrx_word' id='word_1_142' title='bbox 1049 2927 1156 2981; x_wconf 71' lang='lat' dir='ltr'>edant</span> 
     </span>
     <span class='ocr_line' id='line_1_30' title="bbox 142 2989 1155 3065; baseline 0.01 -23"><span class='ocrx_word' id='word_1_143' title='bbox 142 2989 243 3044; x_wconf 80' lang='lat' dir='ltr'>reddet</span> <span class='ocrx_word' id='word_1_144' title='bbox 260 2994 302 3047; x_wconf 84' lang='lat' dir='ltr'>nel</span> <span class='ocrx_word' id='word_1_145' title='bbox 319 2992 421 3048; x_wconf 85' lang='lat' dir='ltr'>reddat</span> <span class='ocrx_word' id='word_1_146' title='bbox 440 3009 462 3047; x_wconf 90' lang='grc' dir='ltr'>θ.</span> <span class='ocrx_word' id='word_1_147' title='bbox 478 3005 506 3060; x_wconf 87' lang='grc' dir='ltr'><em>ψ</em></span> <span class='ocrx_word' id='word_1_148' title='bbox 524 3011 593 3050; x_wconf 84' lang='lat' dir='ltr'>cerr.</span> <span class='ocrx_word' id='word_1_149' title='bbox 608 2997 749 3051; x_wconf 79' lang='lat' dir='ltr'>Baehrens</span> <span class='ocrx_word' id='word_1_150' title='bbox 768 2995 869 3065; x_wconf 86' lang='lat' dir='ltr'>(aedon</span> <span class='ocrx_word' id='word_1_151' title='bbox 887 2997 919 3065; x_wconf 89' lang='grc' dir='ltr'>α)</span> <span class='ocrx_word' id='word_1_152' title='bbox 939 3000 948 3065; x_wconf 88' lang='grc' dir='ltr'>ΙΙ</span> <span class='ocrx_word' id='word_1_153' title='bbox 966 3002 1017 3050; x_wconf 81' lang='lat' dir='ltr'>ale</span> <span class='ocrx_word' id='word_1_154' title='bbox 1036 2997 1115 3052; x_wconf 84' lang='lat' dir='ltr'>alata</span> <span class='ocrx_word' id='word_1_155' title='bbox 1131 3009 1155 3062; x_wconf 84' lang='grc' dir='ltr'><strong>ψ</strong></span> 
     </span>
     <span class='ocr_line' id='line_1_31' title="bbox 143 3061 1155 3138; baseline 0.007 -24"><span class='ocrx_word' id='word_1_156' title='bbox 143 3061 294 3132; x_wconf 72' lang='lat' dir='ltr'>(Bentley),</span> <span class='ocrx_word' id='word_1_157' title='bbox 309 3063 421 3119; x_wconf 86' lang='lat' dir='ltr'>sublata</span> <span class='ocrx_word' id='word_1_158' title='bbox 435 3065 577 3133; x_wconf 79' lang='lat' dir='ltr'>Beteteler,</span> <span class='ocrx_word' id='word_1_159' title='bbox 592 3073 622 3121; x_wconf 91' lang='lat' dir='ltr'>at</span> <span class='ocrx_word' id='word_1_160' title='bbox 634 3066 668 3133; x_wconf 75' lang='lat' dir='ltr'>ef.</span> <span class='ocrx_word' id='word_1_161' title='bbox 685 3067 762 3138; x_wconf 75' lang='lat' dir='ltr'>Verp.</span> <span class='ocrx_word' id='word_1_162' title='bbox 772 3068 842 3121; x_wconf 86' lang='lat' dir='ltr'>Aen.</span> <span class='ocrx_word' id='word_1_163' title='bbox 853 3067 910 3120; x_wconf 92' lang='lat' dir='ltr'>III</span> <span class='ocrx_word' id='word_1_164' title='bbox 918 3071 977 3122; x_wconf 80' lang='lat'>258</span> <span class='ocrx_word' id='word_1_165' title='bbox 992 3071 1069 3137; x_wconf 71' lang='grc'><strong>11925</strong></span> <span class='ocrx_word' id='word_1_166' title='bbox 1084 3068 1155 3138; x_wconf 88' lang='lat' dir='ltr'>quie-</span> 
     </span>
     <span class='ocr_line' id='line_1_32' title="bbox 142 3137 1156 3212; baseline 0.013 -30"><span class='ocrx_word' id='word_1_167' title='bbox 142 3146 227 3212; x_wconf 77' lang='lat' dir='ltr'>quam</span> <span class='ocrx_word' id='word_1_168' title='bbox 245 3144 273 3199; x_wconf 85' lang='grc' dir='ltr'><strong>ψ</strong></span> <span class='ocrx_word' id='word_1_169' title='bbox 296 3137 305 3205; x_wconf 72' lang='lat' dir='ltr'>ss</span> <span class='ocrx_word' id='word_1_170' title='bbox 328 3140 380 3189; x_wconf 70' lang='lat'>927</span> <span class='ocrx_word' id='word_1_171' title='bbox 400 3151 451 3205; x_wconf 92' lang='lat' dir='ltr'>per</span> <span class='ocrx_word' id='word_1_172' title='bbox 469 3152 541 3204; x_wconf 86' lang='lat' dir='ltr'>quae</span> <span class='ocrx_word' id='word_1_173' title='bbox 560 3141 583 3190; x_wconf 78' lang='grc' dir='ltr'><strong>Δ</strong></span> <span class='ocrx_word' id='word_1_174' title='bbox 600 3155 627 3206; x_wconf 91' lang='lat' dir='ltr'>p.</span> <span class='ocrx_word' id='word_1_175' title='bbox 644 3154 727 3205; x_wconf 88' lang='lat' dir='ltr'>quem</span> <span class='ocrx_word' id='word_1_176' title='bbox 745 3139 787 3193; x_wconf 82' lang='lat' dir='ltr'>vel</span> <span class='ocrx_word' id='word_1_177' title='bbox 804 3155 890 3205; x_wconf 90' lang='lat' dir='ltr'>quam</span> <span class='ocrx_word' id='word_1_178' title='bbox 907 3149 936 3204; x_wconf 80' lang='grc' dir='ltr'>ψ</span> <span class='ocrx_word' id='word_1_179' title='bbox 962 3141 966 3209; x_wconf 83' lang='grc' dir='ltr'>Ι</span> <span class='ocrx_word' id='word_1_180' title='bbox 992 3138 1115 3194; x_wconf 86' lang='lat' dir='ltr'>volvitur</span> <span class='ocrx_word' id='word_1_181' title='bbox 1131 3151 1156 3204; x_wconf 84' lang='grc' dir='ltr'><strong>ψ</strong></span> 
     </span>
     <span class='ocr_line' id='line_1_33' title="bbox 142 3203 1155 3279; baseline 0.011 -26"><span class='ocrx_word' id='word_1_182' title='bbox 142 3206 215 3255; x_wconf 81' lang='lat' dir='ltr'>enter</span> <span class='ocrx_word' id='word_1_183' title='bbox 232 3203 305 3260; x_wconf 78' lang='lat' dir='ltr'>tane</span> <span class='ocrx_word' id='word_1_184' title='bbox 322 3222 429 3261; x_wconf 85' lang='lat' dir='ltr'>eersnrn</span> <span class='ocrx_word' id='word_1_185' title='bbox 447 3214 472 3262; x_wconf 90' lang='lat' dir='ltr'>et</span> <span class='ocrx_word' id='word_1_186' title='bbox 490 3209 686 3263; x_wconf 75' lang='lat' dir='ltr'>antecedentem</span> <span class='ocrx_word' id='word_1_187' title='bbox 704 3210 764 3264; x_wconf 78' lang='lat' dir='ltr'>hiat</span> <span class='ocrx_word' id='word_1_188' title='bbox 781 3211 877 3264; x_wconf 82' lang='lat' dir='ltr'>aratio.</span> <span class='ocrx_word' id='word_1_189' title='bbox 912 3210 1093 3279; x_wconf 84' lang='lat' dir='ltr'>Oorrnptetae</span> <span class='ocrx_word' id='word_1_190' title='bbox 1109 3228 1155 3264; x_wconf 83' lang='lat' dir='ltr'>ne-</span> 
     </span>
     <span class='ocr_line' id='line_1_34' title="bbox 141 3272 1157 3354; baseline 0.009 -29"><span class='ocrx_word' id='word_1_191' title='bbox 141 3272 202 3354; x_wconf 79' lang='lat' dir='ltr'>dere‘</span> <span class='ocrx_word' id='word_1_192' title='bbox 214 3275 254 3328; x_wconf 77' lang='lat' dir='ltr'>sie</span> <span class='ocrx_word' id='word_1_193' title='bbox 266 3277 373 3331; x_wconf 82' lang='lat' dir='ltr'>etndntt</span> <span class='ocrx_word' id='word_1_194' title='bbox 386 3278 486 3334; x_wconf 80' lang='lat' dir='ltr'>Bothe:</span> <span class='ocrx_word' id='word_1_195' title='bbox 501 3279 610 3333; x_wconf 86' lang='lat' dir='ltr'>firmam</span> <span class='ocrx_word' id='word_1_196' title='bbox 625 3282 654 3334; x_wconf 88' lang='lat' dir='ltr'>et</span> <span class='ocrx_word' id='word_1_197' title='bbox 668 3280 800 3334; x_wconf 81' lang='lat' dir='ltr'>stabilem</span> <span class='ocrx_word' id='word_1_198' title='bbox 813 3280 945 3349; x_wconf 79' lang='lat' dir='ltr'>Paream3</span> <span class='ocrx_word' id='word_1_199' title='bbox 965 3297 1049 3337; x_wconf 84' lang='lat' dir='ltr'>casus</span> <span class='ocrx_word' id='word_1_200' title='bbox 1059 3283 1063 3354; x_wconf 65' lang='lat' dir='ltr'>t</span> <span class='ocrx_word' id='word_1_201' title='bbox 1074 3281 1157 3337; x_wconf 83' lang='lat' dir='ltr'>volvit</span> 
     </span>
     <span class='ocr_line' id='line_1_35' title="bbox 140 3343 1158 3416; baseline 0.014 -22"><span class='ocrx_word' id='word_1_202' title='bbox 140 3343 243 3416; x_wconf 49' lang='lat' dir='ltr'>varios?</span> <span class='ocrx_word' id='word_1_203' title='bbox 268 3345 380 3402; x_wconf 77' lang='lat' dir='ltr'>Richter</span> <span class='ocrx_word' id='word_1_204' title='bbox 397 3357 591 3406; x_wconf 78' lang='lat' dir='ltr'>monerntrnrn</span> <span class='ocrx_word' id='word_1_205' title='bbox 609 3352 739 3407; x_wconf 77' lang='lat' dir='ltr'>excidisse</span> <span class='ocrx_word' id='word_1_206' title='bbox 756 3359 836 3408; x_wconf 82' lang='lat' dir='ltr'>ratas</span> <span class='ocrx_word' id='word_1_207' title='bbox 852 3353 906 3407; x_wconf 81' lang='lat' dir='ltr'>sie.-</span> <span class='ocrx_word' id='word_1_208' title='bbox 923 3352 1037 3407; x_wconf 89' lang='lat' dir='ltr'>firmum</span> <span class='ocrx_word' id='word_1_209' title='bbox 1058 3357 1088 3408; x_wconf 92' lang='lat' dir='ltr'>et</span> <span class='ocrx_word' id='word_1_210' title='bbox 1106 3356 1158 3407; x_wconf 86' lang='lat' dir='ltr'>sta-</span> 
     </span>
     <span class='ocr_line' id='line_1_36' title="bbox 139 3412 1156 3496; baseline 0.014 -29"><span class='ocrx_word' id='word_1_211' title='bbox 139 3412 226 3469; x_wconf 89' lang='lat' dir='ltr'>bilem</span> <span class='ocrx_word' id='word_1_212' title='bbox 241 3414 337 3487; x_wconf 84' lang='lat' dir='ltr'>&lt;ritae</span> <span class='ocrx_word' id='word_1_213' title='bbox 352 3420 497 3494; x_wconf 72' lang='lat' dir='ltr'>cursum&gt;1</span> <span class='ocrx_word' id='word_1_214' title='bbox 507 3437 558 3490; x_wconf 90' lang='lat' dir='ltr'>per</span> <span class='ocrx_word' id='word_1_215' title='bbox 571 3437 655 3490; x_wconf 87' lang='lat' dir='ltr'>quem</span> <span class='ocrx_word' id='word_1_216' title='bbox 669 3439 691 3476; x_wconf 84' lang='lat' dir='ltr'>e.</span> <span class='ocrx_word' id='word_1_217' title='bbox 707 3441 731 3477; x_wconf 89' lang='lat' dir='ltr'>v.</span> <span class='ocrx_word' id='word_1_218' title='bbox 746 3441 780 3491; x_wconf 81' lang='lat' dir='ltr'>v.‚</span> <span class='ocrx_word' id='word_1_219' title='bbox 801 3423 858 3478; x_wconf 90' lang='lat' dir='ltr'>Leo</span> <span class='ocrx_word' id='word_1_220' title='bbox 872 3423 1020 3481; x_wconf 72' lang='lat' dir='ltr'>dimetmms</span> <span class='ocrx_word' id='word_1_221' title='bbox 1033 3427 1156 3496; x_wconf 75' lang='lat' dir='ltr'>supplen-</span> 
     </span>
     <span class='ocr_line' id='line_1_37' title="bbox 139 3485 1159 3570; baseline 0.012 -31"><span class='ocrx_word' id='word_1_222' title='bbox 139 3485 206 3540; x_wconf 78' lang='lat' dir='ltr'>dum</span> <span class='ocrx_word' id='word_1_223' title='bbox 224 3492 308 3555; x_wconf 82' lang='lat' dir='ltr'>petat</span> <span class='ocrx_word' id='word_1_224' title='bbox 329 3490 402 3544; x_wconf 81' lang='lat' dir='ltr'>aetat</span> <span class='ocrx_word' id='word_1_225' title='bbox 425 3493 519 3547; x_wconf 81' lang='lat' dir='ltr'>tatem:</span> <span class='ocrx_word' id='word_1_226' title='bbox 541 3493 672 3548; x_wconf 89' lang='lat' dir='ltr'>stabilem</span> <span class='ocrx_word' id='word_1_227' title='bbox 685 3495 688 3567; x_wconf 84' lang='grc' dir='ltr'>Ι</span> <span class='ocrx_word' id='word_1_228' title='bbox 701 3494 773 3567; x_wconf 88' lang='lat' dir='ltr'>&lt;per</span> <span class='ocrx_word' id='word_1_229' title='bbox 796 3497 898 3548; x_wconf 82' lang='lat' dir='ltr'>cuneta</span> <span class='ocrx_word' id='word_1_230' title='bbox 922 3494 1009 3551; x_wconf 85' lang='lat' dir='ltr'>deum</span> <span class='ocrx_word' id='word_1_231' title='bbox 1032 3499 1159 3570; x_wconf 87' lang='lat' dir='ltr'>tempora</span> 
     </span>
     <span class='ocr_line' id='line_1_38' title="bbox 138 3555 840 3632; baseline 0.016 -22"><span class='ocrx_word' id='word_1_232' title='bbox 138 3555 248 3632; x_wconf 70' lang='lat' dir='ltr'>vitae&gt;1</span> <span class='ocrx_word' id='word_1_233' title='bbox 258 3574 309 3629; x_wconf 94' lang='lat' dir='ltr'>per</span> <span class='ocrx_word' id='word_1_234' title='bbox 327 3575 400 3628; x_wconf 91' lang='lat' dir='ltr'>quae</span> <span class='ocrx_word' id='word_1_235' title='bbox 421 3563 577 3618; x_wconf 79' lang='lat' dir='ltr'>Temeraria</span> <span class='ocrx_word' id='word_1_236' title='bbox 596 3566 737 3621; x_wconf 72' lang='lat' dir='ltr'>Baehrens</span> <span class='ocrx_word' id='word_1_237' title='bbox 755 3572 840 3622; x_wconf 87' lang='lat' dir='ltr'>tentat</span> 
     </span>
    </p>
   </div>
   <div class='ocr_carea' id='block_1_5' title="bbox 0 0 1202 3990">
    <p class='ocr_par' dir='ltr' id='par_1_28' title="bbox 0 0 1202 3990">
     <span class='ocr_line' id='line_1_39' title="bbox 0 0 1202 3990; baseline 0 3"><span class='ocrx_word' id='word_1_238' title='bbox 0 0 1202 3990; x_wconf 95' lang='lat' dir='ltr'> </span> 
     </span>
    </p>
   </div>
  </div>
 </body>
</html>
