2394 3990
92 195 156 258 110
414 195 444 248 L.
458 194 600 248 ANNAEI
618 194 781 251 SENECAE
837 214 840 219 ·

92 342 146 405 sed
170 345 242 405 ante
265 341 422 405 lacrimas.
468 344 562 405 teneo
584 342 684 426 longo
706 345 852 426 tempore
952 420 954 423 ι

89 431 191 513 petita
214 431 297 493 votis
322 451 385 493 ora.
431 433 462 493 te
486 430 659 514 profugum
683 431 752 497 solo

89 519 193 601 patrio
217 522 348 601 penates
371 518 458 603 regis
482 519 605 582 externi
627 522 755 604 tegunt,

89 612 121 671 te
144 608 244 670 maria
266 611 316 671 tot
339 608 476 692 diversa,
498 611 548 671 tot
571 628 663 672 casus
685 629 804 692 vagum

89 718 195 781 egere,
217 718 283 760 non
305 700 338 760 50
361 697 454 760 duxit
475 697 510 760 in
532 696 692 760 thalamos
714 719 830 780 parens

89 785 242 849 comitata
263 785 385 868 primos
408 806 467 849 nec
490 808 548 849 sua
569 786 668 849 festas
691 808 788 850 manu

25 885 27 889 '
91 875 216 938 ornavit
239 874 331 937 aedes
354 895 414 938 nec
438 895 526 938 saera
548 876 649 938 laetas
672 875 758 938 faces

50 986 53 992 ·
88 963 170 1027 vitta
192 964 344 1046 revinxit3
367 962 451 1027 dona
473 985 539 1028 non
562 984 639 1027 auro
664 985 777 1049 graves

89 1074 183 1136 gazas
207 1074 306 1135 socer,
327 1074 394 1116 non
417 1074 504 1135 arva,
527 1073 594 1116 non
616 1053 711 1116 urbes
736 1052 835 1116 dedit:
946 1124 947 1127 Ἴ

89 1142 195 1205 dotale
218 1142 340 1206 bellum
363 1145 419 1205 est.
465 1141 607 1205 hostium
631 1163 664 1205 es
687 1142 792 1205 faetus
814 1163 923 1227 gener,

88 1231 192 1314 patria
214 1234 356 1294 remotus
378 1229 496 1314 hospes
519 1231 615 1294 alieni
638 1231 728 1313 laris,

88 1323 219 1385 externa
242 1323 446 1402 consecutus,
469 1321 621 1403 expulsus
643 1321 722 1402 tuis,

89 1409 156 1473 sine
180 1409 312 1472 crimine
336 1410 418 1472 exul.
463 1430 504 1471 ne
528 1408 605 1492 quid
628 1430 645 1472 0
667 1408 743 1471 fatis
765 1408 826 1472 tibi

89 1497 193 1561 desset
215 1498 370 1581 paternis,
392 1497 455 1560 hoc
479 1518 607 1580 quoque
630 1520 670 1561 ex
692 1498 757 1561 illis
780 1496 894 1580 habes,

88 1608 208 1650 errasse
231 1587 389 1651 thalamis.
434 1590 509 1650 nate
531 1590 606 1669 post
628 1585 748 1649 multos
770 1584 852 1649 mihi

87 1676 220 1739 remisse
243 1676 341 1758 soles,
362 1680 437 1739 nate
461 1697 632 1757 suspensae
655 1679 759 1738 metus

87 1769 119 1828 et
142 1787 215 1848 spes
237 1764 393 1848 parentis,
415 1765 505 1827 cuius
529 1767 693 1847 aspectum
718 1763 793 1828 deos

88 1876 213 1937 semper
234 1853 360 1938 rogavi,
384 1873 457 1916 cum
479 1857 555 1917 tuus
578 1853 700 1916 reditus
724 1851 804 1915 mihi

87 1947 213 2006 tantum
237 1946 320 2006 esset
343 1946 523 2025 ereptums,
547 1942 692 2006 adventu.
707 1944 764 2005 tuo

88 2036 243 2114 quantum
267 2031 410 2095 daturus:
435 2030 574 2114 ‘quando
598 2052 656 2114 pro
680 2034 712 2093 te
736 2030 891 2094 desinam'

88 2121 154 2183 dixi
178 2119 335 2184 ‘timerel’
359 2120 441 2183 dixit
464 2119 603 2184 inridens
627 2120 718 2183 deus:

88 2209 205 2292 ‘ipsum
229 2209 378 2273 timebis’
425 2232 540 2292 nempe
563 2209 626 2272 nisi
649 2209 770 2272 bellum
792 2207 890 2293 foret,

87 2320 147 2383 ego
171 2302 203 2361 te
226 2319 379 2382 carerem3
401 2319 517 2381 nempe
541 2298 568 2361 si
590 2301 627 2361 tu
649 2319 716 2361 non
737 2297 837 2379 fores,

87 2387 172 2451 bello
196 2407 344 2451 carerem.
391 2410 422 2469 a,
445 2389 536 2450 triste
560 2389 750 2470 conspectus
774 2385 869 2450 datur

86 2476 225 2559 pretium
248 2477 297 2539 tui
320 2476 513 2559 durumque,
536 2476 592 2539 sed
615 2476 710 2539 matri
733 2475 847 2559 placet.
1042 2490 1085 2539 525

86 2566 163 2629 hinc
186 2565 282 2628 mode
305 2565 455 2629 recedant
477 2587 579 2647 arma,
603 2565 680 2628 dum
702 2563 827 2628 nullum
851 2565 942 2628 nefas

86 2654 172 2718 Mars
197 2677 308 2718 saevus
333 2654 440 2718 audet:
466 2655 528 2718 hoc
552 2675 679 2737 queque
703 2657 751 2717 est
773 2673 929 2737 magnum
951 2655 1050 2739 nefas,

85 2747 151 2807 tam
175 2766 276 2828 prope
298 2743 405 2807 fuisse.
452 2747 564 2826 stupeo
589 2747 620 2807 et
643 2743 815 2828 exsanguis
837 2745 956 2828 treme,

87 2855 159 2897 cum
183 2837 266 2897 stare
288 2833 401 2896 fratres
425 2832 500 2896 hinc
524 2836 556 2895 et
578 2833 654 2896 hine
677 2832 769 2895 rideo
793 2832 874 2896 duos

87 2923 213 2986 sceleris
237 2923 296 2986 sub
320 2923 395 2985 ictu.
441 2921 584 2985 membra
607 2924 800 3004 quassantur
822 2924 925 2984 metu:
1043 2935 1087 2985 030

158 3137 205 3184 501
220 3133 337 3185 cedente
351 3132 449 3186 lacriE
464 3135 473 3201 l
487 3137 539 3184 502
553 3131 672 3201 petiteE
687 3133 696 3200 ΙΙ
711 3135 763 3183 504
776 3133 796 3184 t.
807 3149 843 3184 m.
853 3132 898 3185 tot
911 3133 971 3185 tam
986 3131 1042 3185 diu.
1052 3137 1070 3183 Ε
1081 3128 1090 3199 ll

87 3209 138 3256 506
161 3203 234 3256 festa
256 3210 277 3255 E
305 3203 448 3257 1055050)
476 3221 544 3258 0000.
564 3221 583 3257 τ
610 3206 620 3272 Η
650 3207 700 3255 505
725 3219 777 3256 nec
800 3219 850 3256 sua
874 3220 901 3257 ω
925 3220 994 3258 corr.
1014 3203 1087 3268 Leol

86 3275 175 3328 laetas
195 3275 271 3328 faces
290 3276 308 3327 i.
323 3292 377 3328 000.
393 3293 426 3328 ea
443 3275 530 3328 festas
548 3290 648 3327 manus
666 3273 702 3326 101
726 3276 736 3342 l
763 3279 814 3326 500
833 3273 896 3327 uita
913 3280 936 3326 10
956 3276 960 3342 Ι
982 3290 1050 3327 aure
1066 3274 1091 3325 et

84 3362 185 3415 graues
199 3348 245 3414 ΑΙΙ
259 3351 311 3398 509
330 3345 425 3414 galeas
440 3353 460 3398 E
477 3349 482 3415 Ι
498 3363 576 3399 arma
590 3363 617 3400 ω
637 3362 704 3399 0000.
719 3355 747 3409 ψ
762 3346 771 3415 l
785 3350 833 3398 510
851 3344 976 3399 hostium
991 3349 1034 3400 e'st
1051 3344 1091 3413 El

86 3423 133 3471 510
152 3418 251 3485 nequit
270 3417 305 3470 de
323 3417 524 3486 0015150510
542 3419 618 3486 (nate
632 3449 666 3456 -
681 3416 763 3485 soles)
783 3434 832 3472 om.
849 3419 893 3486 El
908 3421 956 3470 510
976 3416 1090 3471 sollicite

84 3491 176 3543 metus
194 3493 218 3540 Α
235 3490 244 3558 ΙΙ
263 3493 309 3540 510
330 3504 424 3557 serpet
441 3496 462 3540 Ε
480 3490 489 3556 l
508 3494 561 3541 524
579 3503 701 3543 carerem
718 3488 800 3542 triste
818 3492 841 3539 Δ
864 3503 988 3541 carerem
1007 3485 1089 3558 patris

84 3564 113 3615 te
131 3568 153 3613 E
171 3578 240 3616 0000.
260 3562 283 3614 Ι.
301 3560 411 3616 Gronov
425 3563 434 3629 {l
448 3565 499 3612 520
517 3561 635 3614 redeant
653 3575 731 3613 arma
749 3564 785 3611 Δτ
803 3563 991 3630 1150500οψ
