2376 3984
401 227 590 283 eunomus
609 229 777 301 [nunnus]
1057 229 1098 292 13

85 381 140 439 aut
163 375 270 439 faciet.
317 373 402 438 adsis
427 396 537 457 sospes
560 377 593 438 et
615 396 735 438 remees
758 396 871 458 precor

86 463 277 546 tandemque
300 463 410 526 venias
433 463 538 526 uictor
560 463 601 526 ed
624 463 742 527 victam
766 463 903 527 demum.

153 657 234 703 nne.
258 639 410 724 Emerge,
433 639 586 724 ooniunrr,
610 644 707 723 atque
730 641 890 724 dispulsas
912 663 1010 706 manu

96 729 242 813 abrumpe
266 729 427 811 tenebras3
449 729 540 793 nulle
563 728 591 792 si
613 733 700 793 retro
723 730 775 792 via
1047 746 1099 795 280

99 816 212 900 iterque
236 818 361 881 elusum
384 821 447 898 est,
470 817 547 880 orbe
569 817 700 881 diducto
723 818 792 881 redi

101 909 128 968 el
146 905 294 989 quicquid
318 909 388 969 atre
410 909 505 969 noete
526 927 711 988 possessum
733 906 813 970 letet

102 994 199 1058 emitte
221 1000 335 1058 tecum.
380 993 494 1058 dirutis
518 994 622 1077 qualis
646 994 730 1079 iugis

104 1103 237 1166 praeceps
262 1083 362 1146 citato
385 1082 512 1146 flumini
534 1105 690 1166 quaerens
713 1083 775 1147 iter

106 1172 246 1252 quondam
272 1171 404 1253 stetisti,
430 1171 527 1235 scissa
550 1193 622 1237 eum
645 1175 738 1235 vesto
761 1172 884 1256 impetu
1045 1189 1098 1238 285

106 1262 218 1339 patuere
240 1259 374 1343 Tempe3
396 1264 525 1343 pectore
547 1260 707 1343 impulsus
730 1263 788 1324 tuo

107 1345 155 1409 hue
176 1369 266 1412 mons
291 1353 323 1410 et
346 1348 424 1412 illue
446 1348 541 1411 cessit
566 1352 599 1410 et
620 1353 716 1432 rupto
740 1369 858 1433 aggere

105 1456 172 1498 nova
193 1438 335 1500 cucurrit
358 1435 530 1500 Thessalus
553 1440 678 1500 torrens
701 1437 766 1500 rie:

105 1523 174 1608 talis,
196 1528 345 1608 parentes
368 1524 487 1588 liberos
511 1526 648 1607 patriam
671 1528 797 1608 petens,

104 1632 218 1696 erumpe
240 1636 348 1677 rerum
371 1615 527 1678 terminos
550 1617 656 1678 tecum
679 1614 825 1696 efferens,
1047 1631 1100 1679 290

104 1704 129 1762 et
148 1701 298 1784 quiequid
321 1701 412 1764 eride
435 1705 486 1765 tot
509 1724 565 1785 per
587 1724 745 1767 annorum
769 1702 886 1786 gradus

102 1789 258 1854 abscondit
280 1793 367 1854 aetas
390 1789 484 1853 redde
507 1793 540 1854 et
564 1790 683 1854 oblitos
707 1790 758 1854 sui

99 1877 232 1962 lucisque
256 1878 389 1962 pavidos
413 1882 487 1942 ente
510 1882 543 1941 te
566 1880 705 1962 populos
729 1900 795 1964 ege.

99 1965 220 2052 indigns
242 1971 274 2030 te
299 1970 375 2030 sunt
397 1967 509 2050 spolia,
532 1966 560 2030 si
583 1970 711 2030 tentum
733 1968 832 2031 refers

98 2060 244 2136 quantum
258 2057 451 2139 imperatum
465 2059 522 2118 est.
550 2077 668 2140 magna
682 2055 738 2119 sed
751 2055 887 2119 nimium
901 2057 1017 2138 loquor
1047 2071 1099 2120 295

96 2143 199 2227 ignara
221 2147 350 2207 nostrae
373 2143 478 2208 sortis.
524 2143 608 2207 unde
630 2143 722 2207 illum
745 2143 826 2207 mihi

97 2252 152 2312 quo
174 2237 206 2296 te
228 2236 381 2314 tuamque
404 2231 568 2296 dexteram
590 2234 766 2316 amplectar
789 2231 873 2296 diem

96 2319 273 2403 reditusque
295 2321 400 2383 lentos
423 2341 482 2383 nee
504 2320 567 2383 mei
590 2342 748 2384 memores
772 2321 908 2403 querar?

96 2407 162 2489 tibi,
184 2431 202 2472 ο
227 2409 361 2473 deorum
383 2408 507 2491 ductor,
530 2407 679 2473 indomiti
700 2409 806 2472 ferent

97 2500 222 2560 centena
244 2497 329 2560 tauri
352 2498 447 2579 colle3
470 2496 545 2576 tibi,
567 2497 698 2582 frugum
720 2501 849 2580 potens,
1048 2512 1099 2561 000

98 2588 211 2648 secreta
234 2585 363 2648 reddam
387 2606 487 2648 saera:
511 2584 572 2648 tibi
595 2589 686 2648 mute
708 2585 771 2649 fide

97 2669 201 2758 longas
225 2671 359 2736 Eleusin
382 2673 480 2737 tacite
500 2673 634 2738 iactabit
656 2673 751 2738 faces.

98 2761 159 2823 tum
180 2761 347 2825 restitutas
368 2760 524 2825 fratribus
546 2761 642 2825 rebor
664 2762 744 2826 meis

98 2848 211 2912 animas
234 2853 267 2912 et
289 2848 395 2931 ipsum
417 2870 516 2934 regne
539 2849 758 2914 moderantem
782 2871 840 2913 sue

98 2934 201 3000 florere
224 2941 355 3019 petrem.
402 2937 429 3002 si
453 2958 517 3020 que
539 2941 571 3001 te
594 2939 697 3002 maior
718 2942 808 3002 tenet
1047 2953 1099 3002 305

97 3023 233 3088 clausum
256 3028 414 3110 potestas,
438 3025 614 3108 sequimur:
638 3029 694 3089 eut
718 3047 829 3090 omnes
853 3030 909 3089 tuo

158 3186 210 3234 W
230 3179 325 3235 edsiso
343 3196 438 3250 sospes
455 3187 477 3233 u
494 3183 498 3250 1
514 3196 620 3236 remees
638 3181 695 3234 tuis
714 3185 736 3232 A
754 3184 763 3250 11
783 3187 880 3246 27980.
900 3181 1100 3250 Amphitryuni

96 3253 288 3307 estimetur
301 3253 346 3374 811
359 3256 412 3334 me
427 3251 559 3334 depulsos
574 3256 596 3303 A
609 3253 618 3320 11
634 3256 687 3334 280
698 3251 725 3334 si
739 3252 826 3306 vetito
840 3252 887 3305 vie
900 3257 924 3303 A
937 3255 947 3321 11
960 3257 1010 3305 881
1024 3251 1100 3305 eleu-

98 3335 152 3374 surn
169 3327 205 3374 At
225 3324 236 3391 1
257 3327 312 3375 084
342 3321 481 3376 ulmrmE
508 3325 517 3390 11
544 3322 778 3390 2A⁷ceerd1ter‚
802 3340 869 3378 corr.
890 3323 947 3377 Leo
965 3323 1074 3376 11375
1092 3324 1101 3391 11

96 3429 143 3479 888
161 3394 332 3496 ἰιιιροτξωιιι
354 3428 388 3497 (ti
406 3446 442 3482 m.
456 3430 486 3496 2)
505 3426 661 3496 Alloquor
679 3445 712 3483 ex
730 3428 823 3483 locum
841 3427 877 3480 Ρ
896 3430 906 3496 11
929 3433 981 3480 000
999 3442 1100 3495 parens

95 3500 212 3565 01801
230 3497 320 3553 multo
338 3502 361 3549 A
382 3501 392 3567 11
411 3503 463 3552 802
482 3497 583 3552 eleusis
601 3502 624 3549 A
641 3499 768 3569 (eleusim
786 3501 824 3567 ψ)
844 3498 919 3551 elene
938 3497 1057 3551 intecitn
1070 3503 1100 3563 Ε,

95 3568 138 3621 sed
156 3585 224 3624 erue
244 3569 275 3622 in
291 3569 295 3638 1
311 3568 423 3624 iactabo
442 3571 553 3637 811800
571 3569 661 3623 omnis
680 3576 701 3622 Ε
