2394 3990
329 1013 521 1082 TANTALI
543 1014 698 1081 VMBRA
734 1016 869 1082 FVRIA

160 1141 239 1216 Quis
254 1142 438 1205 inferorum
462 1141 535 1205 sede
559 1141 598 1205 ab
622 1141 762 1206 infausta
785 1141 924 1207 extrahit

90 1231 187 1295 avido
209 1230 340 1316 fugaces
365 1251 419 1293 ore
442 1232 624 1313 captantem
648 1230 750 1314 cibos,

92 1320 166 1402 quis
190 1320 274 1382 male
297 1318 429 1383 deorum
448 1316 584 1382 Tantalo
607 1319 692 1383 visas
716 1320 828 1383 domos

92 1406 234 1472 ostendit
255 1407 394 1472 iterum?
418 1407 510 1490 peius
533 1408 699 1471 inventum
723 1412 771 1473 est
794 1409 849 1472 siti

92 1500 202 1561 arente
225 1497 258 1560 in
281 1496 376 1560 undis
400 1495 522 1578 aliquid
545 1501 578 1560 et
599 1496 690 1579 peius
713 1497 798 1561 fame

90 1584 202 1648 hiante
226 1585 371 1667 semper?
396 1583 528 1668 Sisyphi
549 1584 707 1668 numquid
729 1584 812 1669 lapis

91 1673 265 1758 gestandus
288 1674 407 1737 umeris
429 1673 572 1737 lubricus
595 1674 713 1737 nostris
737 1674 824 1738 venit

92 1765 150 1826 aut
172 1762 316 1826 membra
339 1763 434 1826 celeri
458 1762 605 1826 differens
629 1782 724 1826 cursu
746 1766 831 1845 rota,

92 1854 148 1915 aut
171 1872 275 1934 poena
297 1850 385 1934 Tityi
409 1850 464 1933 qui
488 1872 585 1934 specu
608 1854 699 1915 vasto
722 1855 836 1933 patens

90 1938 270 2004 visceribus
293 1943 377 2003 atras
400 1939 505 2023 pascit
527 1940 651 2003 effossis
675 1961 749 2004 aves

90 2033 126 2092 et
148 2033 243 2092 nocte
266 2050 417 2112 reparans
440 2028 594 2111 quicquid
617 2029 726 2093 amisit
748 2029 799 2093 die

91 2118 225 2200 plenum
248 2117 368 2181 recenti
390 2116 547 2201 pabulum
570 2121 714 2181 monstro
738 2117 843 2183 iacet?

91 2207 126 2268 in
150 2204 235 2289 quod
257 2207 378 2269 malum
401 2205 617 2270 trausmibor‘?
641 2228 660 2270 o
685 2207 830 2290 quisquis
853 2228 938 2270 nora

91 2295 252 2376 supplicia
273 2294 393 2359 functis
417 2295 515 2358 durus
538 2294 725 2359 umbrarum
748 2295 868 2359 arbiter

92 2382 251 2466 disponis,
273 2382 347 2447 addi
371 2383 399 2447 si
422 2384 500 2466 quid
522 2383 563 2446 ad
585 2405 705 2466 poenas
728 2387 836 2468 potest
1072 2398 1107 2446 15

91 2470 180 2554 quod
202 2472 272 2554 ipse
295 2475 404 2536 custos
427 2472 562 2537 carceris
586 2471 648 2535 diri
669 2471 812 2555 horreat,

91 2559 179 2642 quod
202 2563 343 2624 maestus
365 2558 517 2649 Acheron
538 2564 666 2644 paveat,
690 2560 730 2624 ad
753 2562 844 2625 ouius
868 2563 990 2624 metum

90 2669 151 2711 nos
176 2670 304 2732 quoque
327 2653 515 2733 tremamus,
539 2671 668 2732 quaere:
691 2650 756 2714 iam
778 2654 889 2714 nostra
911 2649 1000 2713 subit

90 2759 108 2799 e
133 2737 232 2820 stirpe
255 2737 351 2802 turba
373 2761 455 2822 quae
478 2760 572 2802 suum
596 2738 703 2802 vincat
726 2749 827 2824 genus

90 2846 129 2888 ac
152 2848 203 2889 me
227 2826 430 2892 innocentem
452 2828 552 2891 faciat
574 2832 607 2891 et
628 2828 742 2892 inausa
764 2827 887 2892 audeat.
1070 2840 1106 2888 20

161 3000 243 3055 inser.
260 3016 310 3054 om.
326 3004 349 3052 A
367 2999 511 3055 Tantalus.
539 3016 654 3070 megara
672 3013 699 3067 ψ
731 3003 741 3071 ΙΙ
772 3006 916 3054 lamam
945 3001 949 3070 Ι
999 2999 1042 3052 uis
1060 3015 1106 3053 me

88 3069 167 3124 furor
180 3088 255 3124 nuno
270 3089 290 3125 s.
306 3071 342 3125 ab
357 3070 406 3126 inf.
422 3071 562 3126 abstrahit
576 3076 599 3124 A
612 3073 621 3141 11
635 3077 651 3124 3
671 3072 753 3125 uiues
767 3076 790 3124 A
804 3072 909 3126 invisas
923 3071 962 3125 N.
1002 3071 1106 3126 eiectus

83 3158 114 3210 p.
131 3142 187 3208 351
204 3141 286 3196 domo
305 3148 327 3194 Ε
349 3144 359 3213 ΙΙ
382 3143 581 3212 esiscyphilt
604 3145 613 3212 ΙΙ
639 3148 655 3195 9
675 3159 699 3197 a.
719 3161 746 3212 p.
767 3143 797 3197 T.
818 3159 927 3212 semper
944 3157 1105 3196 accrescens

86 3211 166 3266 iecur
184 3216 207 3264 A
227 3213 273 3279 (cf.
288 3213 407 3268 Ptaear.
422 3218 506 3282 1234)
522 3217 531 3284 ΙΙ
544 3219 576 3266 10
594 3213 755 3267 vulneribus
774 3231 802 3268 ω
820 3231 888 3269 corr.
907 3232 928 3267 α
942 3215 952 3283 ΙΙ
964 3218 995 3265 13
1014 3214 1105 3266 trans-

87 3282 196 3337 scribor
214 3289 235 3336 E
254 3285 264 3353 ΙΙ
281 3289 312 3336 lo
332 3283 406 3338 adde
424 3303 452 3340 ω
471 3302 538 3341 corr.
557 3286 667 3340 Gronov
683 3288 687 3354 Ι
703 3287 784 3353 potes
802 3289 825 3337 A
845 3286 855 3354 ΙΙ
875 3290 906 3337 18
924 3285 1031 3339 dactus
1048 3299 1106 3337 oa·-

85 3355 164 3409 aibua
188 3357 306 3424 scriptur
329 3356 389 3424 (nos
408 3373 434 3423 q.
456 3357 490 3410 tr.
503 3359 507 3429 l
519 3370 666 3425 quaere—
678 3355 804 3425 subit)1t
829 3357 833 3427 l
859 3371 946 3424 quare
966 3354 1024 3408 iam
1042 3357 1078 3405 At
1096 3353 1106 3424 ll

86 3430 172 3490 20rq.
196 3426 239 3480 lais
257 3427 406 3494 particulis
429 3426 576 3496 descriptos
597 3427 676 3482 tabet
699 3434 733 3482 E:
758 3443 791 3481 ac
806 3459 839 3467 -
854 3425 1000 3497 faciatlet
1015 3455 1047 3464 -
1063 3438 1105 3476 re-

86 3494 173 3566 gione
185 3497 189 3566 Ι
202 3496 294 3564 quicq.
306 3529 339 3536 —
351 3497 496 3566 complebo
508 3498 512 3571 l
523 3515 618 3565 numq.
630 3531 663 3538 -
675 3499 757 3553 domo
