2394 3990
91 217 158 282 418
527 214 676 269 menan
695 293 700 301 .

99 363 205 428 dirum
228 362 371 427 laborem
395 360 541 445 Sisyphi,
563 360 652 444 Tityi
674 361 785 425 alitem

95 450 282 535 Ixionisque
305 451 451 515 membra
472 450 651 533 rapientem
674 453 789 516 rotam.

91 541 171 606 licet
192 543 321 604 extruat
343 539 558 603 marmoribus
580 542 677 622 atque
700 560 779 603 auro
801 543 893 625 tegat

93 629 250 713 superbus
274 629 394 711 aulam,
416 628 516 692 limen
538 630 679 692 armatae
703 628 794 692 ducis

93 721 221 782 servent
243 718 406 800 cohortes,
428 716 538 780 mittat
561 717 733 780 immensas
757 737 835 801 opes

92 806 267 870 exhaustus
291 806 392 889 orbis,
415 805 576 888 supplices
600 805 746 869 dextram
769 809 883 889 petant

91 894 205 959 Parthi
228 898 407 976 cruentam,
429 914 530 979 regna
553 894 682 958 divitias
704 893 822 959 ferant:

91 984 198 1048 veniet
221 984 289 1048 dies
311 987 503 1066 tempusque
527 1003 592 1066 quo
614 983 727 1048 reddat
749 983 816 1048 suis

91 1072 232 1136 animam
255 1073 424 1136 nocentem
448 1071 636 1154 sceleribus,
658 1072 807 1156 iugulum
830 1070 982 1137 hostibus

93 1160 235 1226 desertus
259 1182 297 1225 ao
320 1160 501 1225 destructus
525 1165 558 1225 et
581 1161 705 1225 eunctis
728 1182 840 1246 egens.-

90 1250 168 1334 heu‚
191 1270 256 1332 quo
279 1249 379 1331 labor,
402 1270 467 1332 quo
490 1253 567 1313 vota
590 1249 774 1335 oeciderunt
796 1249 894 1314 mea?

91 1359 155 1420 quo
179 1342 211 1403 te
233 1337 324 1402 furor
346 1337 495 1420 provexit
517 1338 691 1402 attonitum
714 1343 791 1403 tuus

92 1431 124 1491 et
146 1426 226 1510 fata,
248 1431 337 1509 nate,
360 1426 452 1491 cedat
473 1430 512 1490 ut
533 1427 634 1492 tantis
656 1427 750 1491 malis

91 1516 260 1601 genetricis
283 1516 331 1579 ira
354 1537 436 1598 quae
459 1519 517 1580 tuo
540 1516 659 1580 scelere
682 1515 830 1581 occidit?¹

90 1604 215 1668 utinam
239 1608 412 1687 antequam
435 1606 467 1668 te
490 1605 660 1688 parvulum
683 1605 718 1669 in
740 1604 846 1670 lucem
869 1604 957 1669 edidi

90 1692 236 1776 aluique,
259 1714 370 1758 saevae
393 1696 504 1758 nostra
526 1695 720 1759 lacerassent
741 1693 827 1759 ferae

89 1781 225 1846 viscera:
248 1782 317 1847 sine
340 1783 407 1845 ullo
431 1781 563 1867 scelere,
586 1784 655 1847 sine
678 1804 773 1847 sensu
796 1783 954 1848 innocens

90 1891 180 1935 meus
204 1870 389 1954 occidisses3
411 1869 542 1936 iunctus
565 1876 661 1955 atque
683 1869 818 1936 haerens
841 1871 924 1935 mihi

89 1981 215 2042 semper
238 1960 379 2042 quietam
403 1980 548 2025 cerneres
571 1961 678 2025 sedem
701 1960 855 2043 inferum,

88 2070 227 2130 proavos
250 2052 453 2131 patremque,
474 2049 615 2113 nominis
639 2049 748 2134 magni
770 2050 871 2132 viros,

89 2157 170 2218 quos
193 2157 279 2200 nunc
301 2136 406 2219 pudor
427 2138 598 2221 luctusque
620 2142 793 2221 perpetuus
816 2141 928 2202 manet

89 2246 128 2288 ex
151 2228 198 2307 te,
219 2224 369 2308 nefande,
392 2247 507 2308 meque
530 2248 612 2310 quae
635 2227 733 2290 talem
756 2226 827 2291 tuli.

89 2313 166 2396 quid
189 2317 304 2399 tegere·
322 2336 412 2379 cesso
430 2315 564 2380 Tartaro
587 2317 697 2380 vultus
719 2337 822 2399 meos,

87 2424 226 2468 noverca
250 2403 391 2468 coniunx
413 2407 517 2468 mater
538 2404 653 2469 infelix
675 2405 777 2469 meis?
813 2425 816 2440 ¹

389 2614 580 2681 oorAVIA
618 2614 792 2683 OHORVS

335 2740 462 2805 Parcite
484 2742 626 2806 lacrimis
649 2743 738 2807 urbis
761 2743 845 2808 festo

268 2828 417 2912 laetoque
441 2830 505 2914 die,
526 2853 567 2896 ne
590 2835 700 2895 tantus
724 2853 814 2895 amor

268 2919 434 3002 nostrique
457 2919 549 2984 favor
571 2920 727 3003 principis
750 2941 838 2984 acres

269 3008 402 3072 suscitet
424 3008 487 3072 iras
510 3009 668 3091 vobisque
691 3030 752 3095 ego
776 3010 837 3074 sim

267 3118 363 3162 causa
385 3097 553 3162 malorum.
597 3120 664 3162 non
686 3099 914 3182 hoc'primum

267 3190 399 3268 pectora
420 3188 537 3251 vulnus
561 3209 632 3251 mea
655 3192 836 3252 senserunt:

268 3275 415 3359 graviora
437 3276 512 3360 tuli3
536 3276 625 3340 dabit
646 3277 701 3341 hio
723 3277 844 3341 nostris

156 3504 208 3553 665
228 3504 353 3555 armatae
372 3501 441 3557 licet
458 3504 575 3574 Bentley
606 3507 615 3574 ΙΙ
648 3509 696 3558 661
715 3506 772 3559 des.
792 3509 821 3560 ot
841 3506 926 3563 deatr.
946 3523 982 3564 ac
1002 3527 1025 3565 c.
1040 3515 1101 3566 el

84 3584 152 3625 corr.
168 3573 286 3642 11211689
304 3587 415 3626 meeum
432 3586 460 3640 ψ
474 3577 483 3643 ΙΙ
497 3580 550 3628 646
567 3576 649 3630 iasar.
669 3592 719 3630 om.
734 3588 762 3642 ψ
