2394 3990
412 185 441 238 L.
458 183 598 238 ANNAEI
617 183 779 239 SENECAE

322 331 429 414 proles
452 329 598 393 fulminis
621 329 762 413 improbi

323 423 413 502 aptat
432 418 488 502 qni
511 417 588 502 iuga
610 418 763 503 tigribus,

324 528 382 571 nec
405 529 484 590 non,
508 507 563 589 qui
586 507 730 590 tripodas
753 512 875 591 movet,

323 597 421 660 frater
443 596 578 679 virginis
601 605 746 679 asperae,

323 685 413 748 cedet
438 683 568 748 Castore
592 705 665 749 cum
689 706 747 749 suo

322 772 440 837 Pollux
463 773 623 837 caestibus
646 774 758 856 aptior.

324 863 383 944 sic,
406 862 465 944 sio,
489 862 673 945 caelicolae,
695 884 817 946 precor,

323 951 430 1014 vincat
452 951 573 1014 femina
596 952 763 1035 coniuges,

322 1040 371 1102 vir
393 1039 490 1124 longe
514 1043 642 1121 superet
664 1039 758 1104 viros.

199 1215 288 1280 Haec
312 1238 385 1280 cum
408 1217 548 1280 femineo
573 1216 718 1280 constitit
741 1217 775 1279 in
798 1217 910 1300 choro,

198 1305 293 1368 unius
316 1305 415 1369 facies
439 1305 600 1388 praenitet
623 1305 780 1369 omnibus.

199 1395 245 1457 sic
268 1414 342 1457 cum
366 1395 433 1458 sole
456 1395 540 1476 perit
564 1393 704 1458 sidereus
728 1394 832 1478 decor,
1067 1411 1098 1458 95

201 1487 232 1546 et
256 1483 345 1546 densi
368 1483 499 1546 latitant
521 1482 689 1546 Pleiadum
712 1504 825 1568 greges

198 1592 271 1635 cum
294 1569 423 1635 Phoebe
447 1572 586 1636 solidum
608 1571 731 1634 lumine
753 1592 820 1635 non
842 1593 901 1636 suo

199 1660 307 1723 orbem
333 1660 474 1724 circuitis
499 1660 650 1724 cornibus
673 1659 794 1744 alligat.

367 1771 383 1808 ’l‘
599 1771 615 1808 ss

200 1840 287 1900 ostro
312 1838 358 1900 sic
380 1838 493 1901 niveus
516 1838 653 1920 puniceo
677 1839 767 1902 color

197 1925 346 2007 perfusus
369 1927 494 2008 rubuit,
518 1927 564 1991 sic
586 1926 725 1990 nitidum
748 1926 842 1990 iubar
1052 1943 1098 1992 100

197 2017 308 2096 pastor
330 2016 403 2079 luce
426 2037 510 2078 nova
532 2014 677 2079 roscidus
700 2015 824 2098 aspicit.

199 2105 326 2185 ereptus
349 2103 501 2167 thalamis
524 2102 672 2168 Phasidis
694 2102 831 2186 horridi,

198 2190 333 2255 effrenae
353 2193 467 2256 solitus
490 2197 622 2276 pectora
644 2193 791 2279 coniugis
903 2196 906 2201 ’

197 2279 299 2344 invita
321 2281 464 2364 trepidus
488 2283 640 2365 prendere
664 2281 806 2363 dextera,
1133 2358 1136 2363 ι

197 2369 275 2432 felix
293 2367 442 2433 Aeoliam
466 2371 590 2453 corripe
613 2370 772 2455 virginem
1051 2386 1097 2434 105

197 2478 283 2521 nunc
306 2459 447 2541 primum
471 2454 602 2542 soceris,
625 2480 756 2542 sponse,
778 2457 972 2523 volentibus.

198 2567 365 2630 concesso,
388 2548 532 2632 iuvenes,
554 2547 656 2612 ludite
679 2547 799 2632 iurgio,

198 2635 273 2699 hino
296 2636 401 2720 illinc,
424 2637 568 2720 iuvenes,
591 2636 710 2701 mittite
732 2636 886 2700 carmina:

197 2747 270 2788 rara
292 2729 341 2789 est
364 2727 399 2790 in
422 2725 569 2791 dominos
592 2726 677 2790 iusta
698 2725 837 2790 licentia.

88 2899 228 2965 Candida
250 2901 424 2988 thyrsigeri
447 2902 553 2985 proles
577 2924 731 2988 generosa
753 2901 865 2985 Lyaei,
1052 2918 1098 2967 110

87 2990 279 3054 multifidam
303 2992 367 3055 iam
390 2995 518 3074 tempus
542 2994 609 3055 erat
632 2990 821 3055 succendere
844 2990 973 3074 pinum:

88 3083 201 3143 excute
225 3079 413 3143 sollemnem
437 3080 547 3165 digitis
570 3080 786 3145 marcentibus
809 3080 928 3164 ignem.

158 3258 192 3305 99
210 3252 339 3322 uirgineo
358 3259 395 3306 Aa
412 3257 469 3322 1194
487 3254 661 3324 praeeminet
679 3272 699 3309 τ
719 3253 859 3324 preminet
876 3254 932 3308 Ap)
950 3256 1009 3324 1190
1029 3255 1098 3309 side·

86 3323 163 3377 ribus
181 3328 204 3375 A
218 3325 226 3392 11
245 3329 279 3376 91
299 3324 413 3379 solitum
432 3327 603 3394 1111100098
621 3326 693 3380 tuac
710 3327 767 3392 fere
784 3326 947 3381 0000001100
966 3327 1099 3381 drudam

87 3395 157 3449 Leo:
179 3395 266 3448 talem
291 3395 357 3448 dnm
376 3395 483 3450 iuvenis
506 3397 656 3466 conspicit,
680 3412 715 3451 en
737 3396 823 3451 rubor
837 3396 840 3468 1
856 3395 984 3466 perfudit
1007 3397 1097 3451 subito

87 3482 242 3536 purpureus
252 3482 340 3536 genas
358 3467 393 3533 of.
405 3467 481 3522 Mas.
492 3470 579 3523 Rhea.
590 3472 665 3522 1897
670 3486 700 3538 p.
711 3471 766 3523 515
774 3471 827 3523 a2
840 3470 849 3537 11
863 3466 1099 3536 991110110001011

86 3543 136 3592 109
155 3537 275 3592 horridis
289 3543 312 3590 A
326 3540 335 3607 11
349 3542 397 3590 100
412 3538 532 3592 Aoniam
546 3538 677 3608 prendito
691 3538 828 3609 virginem
842 3544 865 3591 A
879 3540 951 3608 11100
970 3555 1065 3594 000010
1078 3544 1098 3591 A

360 3838 470 3859 „mah-nd
