2394 3990
364 211 553 268 arnovius
573 213 763 286 [oculeus]
1007 217 1073 284 325

147 360 240 423 illum
254 329 292 422 'si
314 360 420 423 medio
444 360 582 443 decipiat
604 361 682 423 ratis

149 452 264 530 ponto,
288 468 361 511 cum
383 447 511 512 Borean
533 449 658 532 expulit
675 446 805 513 Africus

146 541 203 600 aut
224 535 332 600 Eurus
356 534 552 620 Zephyrum,
576 557 649 600 cum
672 560 760 601 mare
783 539 942 622 dividunt,

145 626 853 798 2121222222222>

146 802 247 866 vitam
270 802 326 885 qui
350 804 470 886 poterit
491 803 621 867 reddere
644 804 805 887 protinus,

146 892 234 954 solus
257 912 324 955 non
345 892 465 976 poterit
488 892 693 977 naufragium
716 893 793 976 pati.

210 977 280 1044 Nos
303 981 407 1064 turpis
430 980 548 1044 macies
574 984 607 1044 et
627 981 779 1045 lacrimae
801 986 912 1046 tenent

145 1072 178 1132 et
199 1069 297 1132 crinis
320 1069 426 1152 patrio
449 1070 581 1152 pulvere
604 1069 759 1133 sordidus.

144 1178 204 1221 nos
226 1179 293 1220 non
314 1156 445 1221 flamma
465 1180 579 1241 rapax,
601 1179 668 1222 non
690 1157 800 1244 fragor
823 1158 944 1223 obruit:

144 1245 254 1310 felices
277 1247 433 1328 sequeris,
456 1267 556 1330 mors,
579 1248 714 1311 miseros
738 1248 838 1333 fugis,

145 1338 280 1417 stamus,
303 1355 362 1398 nec
385 1336 509 1418 patriae
531 1335 689 1400 messibus
711 1334 775 1400 heu
798 1338 888 1401 locus

144 1427 178 1487 at
201 1424 290 1487 silvis
313 1423 456 1507 dabitur,
478 1425 632 1508 lapsaque
655 1424 801 1488 sordidae

143 1513 223 1576 fient
245 1512 367 1595 templa
389 1532 494 1596 casae;
516 1513 581 1577 iam
604 1514 729 1598 gelidus
751 1511 877 1597 Dolops
1019 1529 1069 1577 125

143 1601 204 1664 hac
227 1601 322 1664 ducet
344 1601 482 1684 pecudes
506 1624 570 1684 qua
592 1605 680 1685 tepet
704 1602 839 1665 obrutus

145 1693 264 1754 stratae
287 1689 344 1772 qui
366 1693 511 1772 superest
535 1687 705 1754 Oechaliae
728 1690 816 1754 cinis.

144 1776 202 1840 illo
221 1776 425 1842 Thessalicus
448 1782 559 1865 pastor
581 1779 674 1862 inops
697 1779 770 1842 loco

144 1866 275 1931 indocta
296 1865 437 1930 referens
461 1867 602 1930 carmina
624 1867 734 1931 fistula

145 1958 241 2019 cantu
264 1958 375 2020 nostra
398 1959 491 2018 canet
512 1960 660 2039 tempora
682 1954 796 2038 flebili;

144 2048 176 2107 et
199 2044 275 2107 dum
298 2064 400 2127 pauca
423 2042 500 2107 deus
524 2043 651 2109 saecula
674 2043 855 2125 contrahet,

144 2137 315 2214 quaeretur
336 2133 460 2215 patriae
483 2133 554 2215 quis
577 2134 675 2197 fuerit
696 2134 796 2197 locus.

144 2222 222 2285 felix
245 2221 367 2285 incolui
388 2242 455 2285 non
478 2222 602 2285 steriles
624 2222 715 2286 focos

144 2331 204 2374 nec
226 2310 333 2374 ieiuna
357 2311 420 2373 soli
442 2311 554 2395 iugera
571 2310 732 2374 Thessali:

144 2399 184 2462 ad
207 2397 366 2463 Trechina
388 2419 495 2481 vocor,
518 2421 595 2463 saxa
616 2400 754 2483 rigentia

145 2492 178 2551 et
201 2488 330 2551 dumeta
353 2488 438 2572 iugis
461 2487 592 2551 horrida
614 2489 758 2569 torridis,

145 2577 200 2639 vix
223 2580 351 2661 gratum
375 2578 483 2660 pecori
506 2577 694 2661 montivago
717 2597 839 2639 nemus.

146 2669 180 2728 at
202 2665 230 2728 si
253 2685 333 2747 quas
356 2666 472 2729 melior
493 2687 563 2729 sors
585 2664 723 2728 famulas
745 2667 854 2745 vocat,

144 2753 217 2818 illas
240 2757 296 2819 aut
319 2755 450 2818 volucer
471 2754 642 2818 transferet
664 2751 802 2817 Inachus

144 2847 200 2906 aut
222 2840 359 2906 Dircaea
382 2843 489 2906 colent
511 2843 652 2925 moenia,
676 2864 739 2925 qua
761 2842 834 2905 fluit
1019 2854 1071 2902 140

126 3002 171 3050 112
190 2998 370 3068 naufragium
392 2997 573 3068 nonpoterit
590 2997 652 3066 pati
670 3002 693 3050 A
720 2999 729 3066 11
756 3001 871 3049 121.122
890 2995 941 3050 dei.
960 2995 1073 3050 Tachca
1114 3010 1115 3013 ’

53 3069 367 3140 neustrasiorum
382 3072 489 3123 stamus
503 3085 555 3122 nec
568 3069 700 3138 patriisE
717 3072 721 3139 1
737 3067 883 3121 moenibus
897 3066 924 3119 h.
940 3066 958 3120 l.
973 3071 997 3119 A
1015 3082 1077 3133 quo

53 3145 172 3208 stamus,
191 3140 301 3210 patriae
320 3140 457 3195 messibus
475 3141 502 3194 h.
518 3140 536 3192 l.
551 3141 589 3194 N.
605 3140 741 3194 Heinsius
755 3156 784 3207 p.
800 3141 855 3192 437
878 3138 934 3193 Leo
948 3139 994 3193 ci:
1015 3140 1071 3191 sta-

51 3227 117 3266 mus
135 3225 188 3265 nec
206 3211 300 3280 patria
320 3215 376 3266 est:
395 3227 475 3265 mess.
491 3212 518 3265 h.
533 3210 551 3265 l.
572 3213 606 3278 cf.
622 3212 689 3264 Birt
699 3228 728 3278 p.
744 3213 797 3264 534
817 3210 943 3277 (reema
963 3211 979 3263 1,
994 3225 1022 3262 a.
1038 3210 1071 3263 ci.

51 3281 174 3351 squalet,
187 3298 223 3338 ac.
238 3283 346 3351 crinis),
361 3284 473 3339 Richter
486 3283 571 3354 spurt.
582 3300 611 3351 p.
623 3285 660 3336 38
674 3284 683 3351 11
697 3286 746 3334 124
761 3282 789 3334 et
803 3298 830 3334 ω
845 3297 912 3335 corr.
928 3281 1050 3350 Scciiper
1063 3281 1080 3349 l*

51 3360 103 3408 122
121 3369 180 3421 qua
195 3355 312 3424 patet!
330 3371 356 3422 q.
371 3355 453 3424 patet
472 3353 589 3408 obrutae
607 3353 716 3407 Stratus
735 3353 802 3406 Birt
814 3353 823 3421 11
837 3357 885 3404 127
905 3351 1030 3423 echeliae
1049 3355 1070 3402 Ε

51 3423 178 3481 etholisc
191 3426 296 3497 121122
310 3423 340 3479 in
355 3424 460 3496 oppido
471 3442 499 3479 ω
513 3441 582 3480 corr.
593 3425 705 3478 Richter
719 3424 736 3477 l.
746 3439 773 3477 a.
781 3421 793 3495 11
804 3428 850 3476 121
864 3439 927 3476 cum
937 3422 1054 3489 Bentley
1066 3419 1070 3491 1

53 3494 201 3553 convehit
216 3500 241 3551 A
261 3499 272 3567 Ι
295 3499 345 3551 m
362 3495 439 3552 locos
458 3500 481 3548 A
503 3498 513 3564 ΙΙ
539 3500 587 3548 122
606 3493 735 3548 trochina
753 3500 775 3546 Ε
794 3493 933 3562 (trechina
951 3495 992 3560 Σ)
1012 3505 1078 3543 car-

54 3567 124 3635 un
138 3560 269 3639 Arum
286 3565 385 3623 eorum
401 3569 456 3621 Aa>
474 3567 478 3640 ι
498 3565 574 3635 fugit
591 3577 619 3632 ψ
638 3568 671 3633 (a
685 3570 721 3619 10
739 3566 803 3636 Aa.)
