2394 3990
143 209 210 274 400
469 205 500 258 L.
515 202 657 258 ANNAEI
675 201 839 257 SENECAE

304 369 407 417 svin.
431 347 547 413 Omine
570 369 688 431 quaeso
712 347 778 412 sint
800 348 862 412 ista
885 347 1009 431 procul.
1108 361 1136 412 00

305 457 381 505 000.
405 437 482 502 Non
504 441 579 503 vota
603 457 691 501 meos
714 439 770 501 tua
792 456 880 500 nunc
902 457 1010 520 casus,

305 529 361 593 sed
383 528 450 591 fata
471 531 597 612 regunt.

304 633 408 680 uuna.
431 615 531 679 Dabit
553 614 692 679 afflictae
715 613 849 678 meliora
873 614 951 678 deus

305 709 451 788 tempora
474 704 575 786 mitis3
599 706 635 767 tu
658 702 754 765 modo
779 702 897 766 blando

305 795 398 859 vince
422 793 576 874 obsequio
600 793 727 874 placata
750 791 855 854 virum

307 899 384 947 ocr.
407 881 544 945 Vincam
568 901 679 944 saevos
702 884 776 945 ante
798 880 907 944 leones

306 972 469 1056 tigresque
491 973 610 1051 truces,

306 1059 374 1123 fera
397 1080 494 1141 quam
518 1058 604 1121 saevi
627 1057 724 1120 corde
746 1056 883 1140 tyranni.

307 1148 375 1212 odit
397 1147 523 1232 genitos
547 1146 702 1231 sanguine
725 1146 826 1228 claro,

307 1236 430 1320 spernit
452 1255 584 1318 superos
607 1234 818 1318 hominesque
842 1233 953 1317 simul,
1112 1249 1140 1298 90

307 1345 366 1389 nec
388 1324 552 1388 fortunam
576 1324 663 1406 capit
685 1323 754 1406 ipse
777 1344 867 1387 suam

308 1412 588 1584 itttdsstt?
610 1412 930 1584 tttttattM

308 1591 395 1654 dirae
419 1590 537 1673 pudeat
560 1611 691 1653 munere
714 1589 826 1652 matris

307 1679 370 1743 hoc
392 1679 563 1762 imperium
587 1679 721 1761 cepisse,
744 1678 820 1742 licet

308 1772 434 1832 tantum
457 1788 574 1831 munus
598 1770 701 1831 morte
723 1766 890 1850 rependat,

307 1857 388 1920 feret
410 1856 497 1921 huno
520 1856 651 1920 titulum
675 1860 749 1938 post
771 1855 838 1918 fata
861 1858 971 1918 tamen

307 1945 427 2009 femina
449 1946 548 2030 longo
572 1966 698 2027 semper
720 1945 755 2008 in
777 1965 865 2007 aevo,

308 2051 411 2097 NVTR.
435 2031 546 2097 Animi
567 2033 670 2096 retine
693 2033 790 2096 verba
812 2031 963 2114 furentis,

308 2126 427 2186 temere
451 2122 599 2186 emissam
622 2122 798 2205 comprime
820 2141 940 2185 vocem.
1056 2197 1059 2204 Ι
1113 2123 1152 2177 001

150 2334 226 2382 oon.
239 2315 417 2380 Toleranda
427 2317 572 2399 quamvis
582 2317 695 2399 patiar,
704 2315 791 2379 haud
800 2337 955 2397 umquam
964 2319 1086 2399 queant
1100 2329 1144 2379 100

150 2407 213 2471 nisi
236 2408 339 2469 morte
362 2405 448 2468 tristi
470 2408 580 2469 nostra
602 2405 689 2468 finiri
713 2404 804 2468 mala.

149 2495 309 2581 genetrice
333 2515 437 2576 caesa,
460 2516 517 2577 per
540 2492 642 2558 scelus
666 2496 759 2576 rapto
783 2496 887 2576 patre,

150 2585 262 2648 orbata
284 2584 397 2665 fratre,
420 2583 555 2646 miseriis
578 2584 669 2647 luctu
694 2582 822 2664 obruta,

149 2694 292 2736 maerore
315 2693 436 2754 pressa,
460 2672 590 2757 coniugi
613 2671 717 2735 invisa
739 2689 776 2734 ac
799 2691 888 2733 meae

150 2762 293 2826 subiecta
315 2760 454 2823 famulae
477 2761 548 2824 luce
571 2782 638 2824 non
660 2763 752 2844 grate
774 2758 872 2840 fruor,
1101 2773 1147 2822 100

149 2851 329 2934 trepidante
353 2870 478 2931 semper
501 2849 595 2913 corde
618 2869 685 2912 non
707 2847 819 2911 mortis
843 2851 945 2928 metu,

150 2940 205 3003 sed
229 2938 356 3003 sceleris
376 2937 522 3001 -absit
544 2937 665 3001 crimen
687 2959 706 3000 a
728 2936 804 3000 fatis
827 2935 920 3017 meis,

150 3029 232 3091 mori
255 3026 392 3110 iuvabit3
414 3048 518 3108 poene
540 3049 615 3089 nem
640 3025 767 3111 gravior
790 3043 866 3088 nece
890 3028 938 3087 est

222 3275 257 3322 82
289 3270 338 3323 sed
366 3272 431 3324 vota
462 3271 504 3324 oet
531 3270 580 3323 sed
607 3285 670 3323 mea
697 3272 763 3323 vota
794 3280 823 3334 ψ
849 3271 859 3337 11
886 3273 921 3321 80
944 3285 969 3321 v.
994 3267 1088 3322 fulvos
1112 3279 1138 3333 ψ
1154 3269 1161 3334 11

150 3340 339 3410 0000900008
353 3341 528 3408 humilesque
542 3345 565 3393 Δ
583 3357 651 3396 corr.
666 3341 785 3410 1100νὲ011
799 3344 848 3392 100
867 3339 1030 3394 incenditur
1045 3355 1161 3393 orrum.

150 3431 248 3466 uvrarx
266 3423 294 3476 ψ
311 3413 314 3480 1
331 3411 445 3478 quaevis
464 3413 496 3466 ei.
512 3413 640 3480 Lipeius,
663 3411 800 3479 tquaevis
824 3412 936 3479 paterer
959 3411 991 3464 at
1012 3426 1162 3479 numquam

151 3484 258 3551 queunt
274 3483 384 3537 Gronov
389 3503 399 3548 ;
418 3489 448 3537 ct
460 3482 494 3549 cf.
511 3484 697 3552 Leop385t!
711 3487 759 3534 100
778 3497 870 3550 poena
888 3497 964 3534 nunc
982 3492 1011 3547 ψ
1031 3483 1067 3549 cf.
1079 3482 1162 3552 praes.

150 3555 168 3608 l.
187 3572 215 3608 a.
234 3572 260 3624 p.
276 3553 334 3607 iam
353 3553 451 3622 Peiper
