2394 3990
87 165 177 221 XXIV
488 164 692 220 PRAEFATIO

86 316 159 376 locis
182 317 294 392 passim
317 316 555 392 comparentibus
583 317 743 394 quicquam
766 319 823 391 est,
847 325 905 392 quo
928 315 1100 393 tragoedias

86 405 296 482 philosophum
315 408 513 483 composuisse
532 405 688 465 verborum
707 406 754 464 vel
772 425 871 464 rerum
890 406 969 464 certo
987 404 1099 465 indicio

87 497 272 573 coarguatur.
317 493 397 553 Nam
424 496 465 553 eis
494 514 609 570 quoque
637 494 815 555 carminibus
843 512 918 570 quae
941 494 974 551 in
997 493 1098 554 codice

86 583 140 642 illo
170 582 316 642 Vossiano
344 582 420 652 Qsc
450 587 567 643 servata
597 588 627 643 et
657 585 769 643 aviris
797 583 891 642 doctis
923 582 972 642 rel
999 583 1101 643 omnia

89 671 138 732 vel
160 688 220 730 non
238 671 322 730 nulla
340 671 379 730 ad
398 673 497 748 ipsum
515 673 723 749 philosophum
747 676 896 732 auctorem
918 671 1015 730 redire
1040 689 1099 732 cre·

87 760 199 819 duntur
221 752 275 841 (M.
295 759 408 820 Schanz
426 761 504 821 Hist.
523 762 581 821 litt.
600 761 683 821 Rom.
698 754 744 819 Π2
757 753 813 841 58)
837 764 955 836 praeter
977 759 1100 822 fallacia

87 849 233 926 quaedam
247 850 520 928 vestigia-velut
538 854 780 927 argumentorum
798 849 964 909 similitudo
982 850 1015 907 in
1033 849 1100 909 rhe-

87 941 186 998 torum
200 938 307 998 soholis
322 930 608 1020 conclamatorum*)
620 971 664 981 -
678 940 754 998 nihil
768 938 1005 1016 deprehenditur,
1021 936 1100 1012 quod

86 1045 141 1103 pro
159 1045 230 1087 vero
248 1028 398 1088 scaenicae
416 1029 513 1104 poesis
536 1028 629 1087 studii
651 1028 826 1088 documento
846 1030 925 1086 recte
943 1025 1099 1086 habeatur.

87 1115 181 1176 Locos
204 1118 338 1177 enotavit
360 1116 466 1193 Peiper
487 1117 561 1175 Mus.
581 1117 636 1176 Rh.
657 1119 708 1192 32,
728 1119 800 1177 534.

92 1243 93 1246 ’
121 1239 123 1243 ·
146 1221 306 1282 ‘Disertum
325 1219 363 1314 de
383 1223 494 1283 Seneca
508 1223 734 1302 ‘tragoediarum
757 1225 876 1282 auctore
894 1223 1100 1282 testimonium

86 1313 199 1388 primus
223 1312 317 1371 edidit

156 1422 182 1477 1.
198 1415 448 1488 Quintilianus
462 1418 535 1478 Inst.
550 1438 590 1478 or.
605 1418 648 1477 IX
664 1421 692 1494 2,
708 1420 740 1478 8:
773 1419 989 1495 interrogamus
1008 1419 1100 1476 etiam

88 1539 131 1548 -
159 1507 291 1567 invidiae
318 1509 429 1585 gratia,
457 1510 492 1565 ut
517 1507 622 1567 Medea
650 1508 729 1584 apud
753 1507 906 1566 Senecam:
939 1525 1013 1582 quas
1036 1508 1100 1582 peti

87 1599 182 1698 terras
200 1593 304 1654 iubes?
326 1589 408 1697 [San.
427 1595 504 1696 Med.
523 1615 550 1655 v.
566 1593 653 1671 453}
675 1628 713 1636 —
734 1596 777 1654 Id.
792 1595 867 1653 Vl'll
882 1597 910 1670 3,
927 1596 982 1654 31:
1005 1596 1101 1655 nostri

86 1774 142 1833 hoc
165 1775 238 1834 satis
260 1774 451 1852 recipiuntur,
471 1793 540 1832 nam
562 1775 683 1832 memini
704 1775 821 1833 iuvenis
844 1773 1004 1832 admodum
1021 1775 1101 1832 inter

87 1858 286 1940 Pomponium
309 1865 340 1921 et
363 1862 504 1922 Senecam
527 1863 617 1922 etiam
644 1862 880 1938 praefationibus
904 1880 965 1921 esse
988 1864 1098 1921 tracta-

87 1953 161 2026 tum,
189 1970 228 2009 an
257 1946 382 2027 ‘gradus
410 1945 560 2016 eliminat’
587 1953 620 2010 in
647 1951 801 2030 tragoedia
829 1950 888 2010 dici
912 1952 1100 2028 oportuisset,

89 2044 121 2100 at
143 2043 256 2099 veteres
279 2059 316 2098 ne
335 2034 537 2116 ‘expectorat'
557 2040 676 2116 quidem
693 2043 866 2115 timuerunt,
884 2042 914 2098 ct
932 2058 1003 2098 sane
1022 2041 1098 2100 eius·

89 2129 155 2187 dem
183 2131 271 2188 notae
301 2131 346 2187 est
376 2121 615 2210 ‘exanimat'.**)

90 2288 91 2291 ,
158 2237 185 2293 2.
196 2235 587 2296 TerentianusMaurus
593 2236 996 2312 wquemexeuntesaeculop
1008 2233 1060 2293 Oh.
1070 2256 1098 2294 n.

88 2323 215 2388 secundo
250 2323 341 2383 fuisse
378 2323 463 2384 Gerh.
498 2324 664 2384 Schultzius
701 2325 821 2384 evicisse
858 2324 977 2385 videtur
1008 2317 1099 2406 (Her-

87 2431 149 2473 mes
170 2415 220 2488 22,
241 2404 329 2494 275),
351 2433 379 2473 v.
400 2415 556 2490 2135sqq.
579 2413 618 2472 L.
678 2488 679 2491 Ἴ

198 2503 231 2559 in
253 2503 406 2579 tragicis
397 2521 517 2561 iunxere
540 2503 637 2562 choris
659 2503 737 2562 hunc
760 2520 847 2578 saepe
870 2501 974 2561 diserti

90 2643 96 2648 ,,
181 2590 340 2671 ‘Annaeus
363 2588 527 2650 Senecae
549 2590 730 2668 Pomponius
754 2593 822 2651 ante
846 2590 1004 2650 Secundus.

159 2741 181 2812 ’)
200 2741 233 2795 In
252 2729 455 2812 epigrammate
470 2741 506 2796 ad
521 2740 680 2797 Cordubam
694 2742 798 2811 scripto
813 2742 916 2812 (Haase
930 2741 950 2808 1,
966 2743 1028 2811 263)
1043 2760 1068 2796 v
1083 2748 1101 2795 3

88 2814 183 2867 vatem
205 2829 234 2867 se
258 2817 356 2869 auctor
384 2813 548 2896 compellat.
583 2812 680 2868 Nunc
703 2812 858 2896 longinqua
880 2815 960 2866 tuum
983 2813 1100 2882 deplora

87 2882 250 3010 ξοιᾶιιὶιε,
236 2886 355 2952 vatem',
373 2884 437 2939 ideo
456 2885 596 2953 nimirum,
615 2885 683 2953 quia
700 2885 781 2939 hoc'
772 2901 833 2954 ipso
853 2885 976 2939 carmine
996 2884 1101 2938 Cordu-

109 2970 155 3007 am
173 2954 257 3008 canit.

90 3069 94 3074 .
160 3024 282 3095 ”)Hoc
304 3026 464 3080 testimonio
489 3027 679 3096 confirmatur,
697 3026 908 3097 philosophum,
928 2999 1104 3094 quamquain

89 3096 300 3177 tragoediarum
320 3112 419 3166 corpus
437 3114 528 3165 neque
547 3097 670 3152 edidisse
687 3113 779 3167 neque
793 3098 829 3151 ab
844 3097 900 3151 alio
915 3098 1038 3166 quodam
1053 3098 1101 3153 edi

89 3184 119 3222 ee
141 3166 203 3222 rivo
217 3183 326 3236 passus
350 3184 410 3222 esse
432 3167 550 3235 videtur,
570 3168 697 3239 singulas
717 3171 813 3223 tamen
835 3167 911 3223 foras
936 3168 1047 3223 dedisse
1072 3172 1101 3224 et

88 3237 312 3308 praefationibus
326 3240 460 3293 munitas:
481 3256 551 3307 quas
568 3258 631 3294 cum
646 3238 820 3305 Quintiliano
835 3239 1008 3294 admodum'
1000 3256 1101 3294 iuvene

89 3309 308 3378 comparuerint,
333 3326 350 3364 a
376 3309 481 3365 Seneca
509 3313 574 3379 post
599 3310 715 3366 exilium
741 3311 859 3393 scriptas
885 3327 945 3365 esse
970 3313 1101 3379 oportere

88 3383 165 3436 recte
188 3379 332 3435 concludit
348 3381 435 3445 heol
449 3386 554 3436 88.-
582 3379 711 3438 Ceterum
733 3382 836 3435 mirum
859 3384 1000 3450 senseat,
1024 3383 1102 3450 quod

88 3451 183 3507 rhetor
203 3431 430 3506 celeberrimus
422 3471 452 3506 in
475 3433 645 3522 tragicorum
667 3454 857 3507 Romanorum
879 3469 995 3507 recensu
1018 3453 1102 3508 Pom-

87 3511 204 3593 ponium
223 3523 358 3593 nominat
377 3523 511 3579 Senecam
529 3523 641 3579 silentio
660 3525 770 3594 premit
