2394 3990
413 186 442 239 u.
457 184 599 239 murm
617 183 781 254 sennenn

247 352 399 414 praeceps
423 331 519 394 silves
543 335 731 413 montesque
754 330 841 418 fugit
1026 347 1063 396 ut

249 420 331 483 citus
354 419 499 483 Actaeon
521 418 663 504 agilique
685 420 790 505 magis

248 507 330 591 pede
352 529 410 590 per
432 506 534 571 saltus
557 529 594 572 ec
617 529 694 570 saxa
716 529 817 594 vegos

248 595 365 659 metuit
387 599 491 660 motos
515 596 662 679 zephyris
685 598 812 680 plumes

249 687 281 748 et
305 705 385 766 quae
407 685 517 768 posuit
539 685 620 748 retia
642 685 736 749 vitat:

225 806 227 809 ·
248 773 349 836 donec
372 771 491 856 placidi
512 773 612 837 fontis
634 773 670 836 in
691 773 777 837 unde
1040 787 1076 837 '16⁰

249 881 368 925 cornua
391 861 473 925 vidit
494 862 667 944 vultusque
690 861 789 947 feros3
1125 870 1128 889 ¹

247 949 294 1012 ibi
316 950 478 1034 virgineos
500 950 625 1014 foveret
648 953 737 1014 crtus

247 1038 383 1101 nimium
407 1038 494 1102 saevi
517 1038 590 1101 diva
613 1037 753 1121 pudoris.

390 1265 576 1332 OEDIPVS
613 1265 798 1333 locnsun

155 1406 254 1472 Guras
277 1407 414 1473 revolvit
437 1410 563 1474 enimus
586 1413 619 1474 et
641 1410 760 1493 repetit
782 1414 896 1474 metus.

88 1497 193 1561 obisse
216 1500 328 1561 nostro
351 1497 466 1561 Laium
489 1499 608 1563 scelere
631 1501 801 1562 autumant
1042 1511 1081 1562 its

87 1585 196 1669 superi
219 1586 390 1669 inferique,
414 1585 469 1649 sed
492 1587 618 1650 enimus
642 1590 754 1650 contre
776 1588 929 1653 innocens

87 1674 212 1757 sibique
235 1672 350 1738 melius
375 1696 470 1757 quem
493 1675 561 1738 deis
584 1678 681 1738 notus
703 1679 809 1762 neget.

87 1762 170 1826 redit
192 1763 348 1827 memorie
370 1767 466 1826 tenue
489 1786 547 1847 per
568 1763 756 1849 vestigium,

87 1851 238 1916 cecidisse
260 1852 363 1916 nostri
386 1851 507 1934 stipitis
531 1853 627 1935 pulsu
650 1852 782 1916 obvium

87 1940 261 2023 datumque
284 1938 354 2004 Diti
378 1962 450 2004 cum
473 1940 562 2024 prior
584 1941 732 2004 iuvenem
756 1963 866 2025 senex,
1044 1953 1084 2004 πθ

88 2046 183 2092 curru
206 2029 375 2113 superbus,
398 2029 545 2113 pelleret,
568 2028 687 2093 Thebis
711 2031 824 2113 procul

87 2116 234 2180 Phocaea
256 2116 379 2181 trifidas
402 2118 492 2202 regio
517 2139 581 2201 qua
605 2117 723 2183 scindit
745 2119 822 2182 vies.

87 2206 239 2269 unanima
262 2205 415 2289 coniunx,
439 2207 565 2290 explica
587 2228 710 2271 errores
733 2228 860 2290 precor:

88 2315 169 2377 quae
192 2295 296 2376 spatia
319 2296 458 2358 moriens
480 2295 578 2359 Laius
601 2295 687 2358 vitae
709 2295 807 2359 tulit?

88 2383 234 2466 primone
257 2382 291 2446 in
314 2404 392 2447 aevo
416 2384 528 2448 viridis
551 2384 717 2448 anfracto
742 2383 882 2448 occidit?
1045 2395 1086 2446 ut

88 2487 154 2535 loc.
177 2471 267 2535 Inter
290 2493 397 2536 senem
420 2471 645 2556 iuvenemque,
668 2472 724 2536 sed
746 2473 880 2556 propior
903 2472 979 2538 seni.

89 2576 169 2625 0131).
192 2559 396 2643 Frequensne
419 2561 515 2627 turbe
537 2561 662 2645 regium
686 2561 787 2624 cinxit
810 2561 919 2626 letus?

87 2665 155 2712 100.
179 2648 290 2713 Plures
313 2649 428 2714 fefellit
452 2670 540 2714 error
562 2649 712 2733 ancipitis
735 2649 819 2732 viee,

87 2759 208 2820 paucos
230 2737 335 2802 fidelis
359 2738 504 2802 curribus
528 2739 634 2802 iunxit
656 2737 755 2802 labor.

87 2841 169 2890 cun.
192 2824 363 2909 Aliquisne
387 2827 500 2891 cecidit
523 2828 612 2912 regio
635 2826 703 2890 feto
727 2826 855 2890 comes?
1047 2839 1090 2890 τεο

86 2930 155 2978 1cc.
179 2913 288 2979 Vnum
311 2914 391 2980 fides
414 2915 580 2999 virtusque
604 2919 785 2980 consortem
810 2915 942 2980 eddidit.

86 3017 169 3066 ono.
192 3001 298 3067 Teneo
321 3008 498 3069 nocentem
544 3005 694 3069 convenit
716 3024 881 3082 numerus,
904 3004 1008 3069 loeus:

86 3091 144 3154 sed
166 3094 295 3175 tempus
318 3093 406 3156 adde

359 3198 425 3246 100.
449 3180 613 3246 Decime
605 3203 669 3245 1em
692 3180 826 3246 metitur
848 3202 948 3267 seges.

158 3395 208 3444 sol
226 3389 304 3443 ferox
322 3395 372 3443 ΕΔ
391 3408 458 3446 corr.
474 3410 493 3446 τ
507 3394 517 3460 ΙΙ
530 3397 584 3446 768
601 3392 652 3446 ubi
670 3396 693 3444 A
710 3394 720 3462 ΙΙ
741 3396 793 3445 tce
813 3391 875 3445 diro
893 3397 915 3444 Ε
935 3393 945 3461 ll
967 3395 1020 3444 ⁷64
1038 3407 1092 3442 ono.

83 3463 175 3530 praef.
189 3468 211 3514 n
230 3478 280 3516 om
296 3464 346 3532 ΔΙΙ
364 3467 417 3514 769
435 3478 485 3517 om.
501 3474 528 3529 ψ
549 3465 559 3533 ΙΙ
581 3469 635 3516 ⁷¹10
653 3463 752 3516 dutum
770 3478 830 3516 esse
850 3461 903 3515 diti
922 3464 967 3531 ΔΙΙ
985 3465 1035 3514 778
1053 3475 1093 3513 ex·

87 3533 164 3603 plico
183 3549 304 3587 errorem
323 3537 345 3585 Δ
364 3532 487 3602 explicet
505 3550 581 3588 rores
599 3536 709 3602 Eum
729 3531 946 3587 freetocciditll
