2394 3990
411 202 440 255 L.
456 200 597 255 ANNAEI
615 195 777 254 SENECAE

503 379 676 446 OHORVS

263 508 385 572 Verum
409 510 457 570 est
480 529 522 570 an
544 505 676 570 timidos
698 505 809 569 fabula
832 506 951 588 decipit

198 598 327 661 umbras
352 596 540 678 corporibus
553 595 670 668 ,vivere
693 594 845 676 conditis,

198 709 272 754 cum
296 687 436 751 coniunx
461 685 563 749 oculis
587 684 742 766 imposuit
763 705 895 747 manum

200 797 430 858 supremusque
453 774 520 838 dies
545 773 667 837 solibus
691 773 819 837 obstitit

199 869 231 928 et
253 865 355 928 tristis
379 865 500 928 cineres
524 885 604 926 urna
628 861 814 927 cohercuit?

199 976 265 1017 non
288 953 418 1036 prodest
441 953 580 1015 animam
603 952 727 1015 tradere
748 951 867 1034 fimcri,

197 1043 255 1106 sed
278 1046 378 1106 restat
400 1041 524 1105 miseris
548 1041 655 1104 vivere
678 1040 828 1126 longius?

200 1155 240 1196 an
263 1133 325 1196 toti
348 1131 504 1194 morimur
526 1129 678 1213 nullaque
701 1151 776 1212 pars
799 1134 908 1193 manet

200 1222 316 1304 nostri,
340 1243 413 1286 curn
437 1220 574 1304 profugo
599 1219 730 1302 spiritus
753 1218 857 1282 halitu

201 1311 368 1374 immixtus
391 1309 517 1373 nebulis
542 1309 637 1372 cessit
660 1309 695 1371 in
717 1329 790 1371 aera

201 1404 232 1463 et
254 1400 376 1462 nudum
400 1398 508 1483 tetigit
531 1398 659 1461 subdita
681 1397 736 1459 fax
758 1396 865 1460 latus?

156 1507 159 1513 ·
268 1487 428 1569 Quicquid
451 1488 499 1550 sol
523 1487 641 1568 oriens,
665 1485 819 1568 quicquid
842 1489 874 1550 et
898 1486 1031 1550 occiden

200 1577 303 1659 novit,
328 1577 481 1640 caeruleis
506 1573 649 1639 Oceanus
673 1575 763 1638 fretis

202 1665 356 1748 quicquid
379 1665 428 1727 bis
452 1665 582 1728 veniens
606 1669 638 1727 et
659 1664 788 1748 fugiens
811 1664 910 1746 lavat,
976 1724 979 1731 ,

202 1757 287 1817 aetas
312 1753 453 1839 Pegaseo
477 1753 629 1836 corripiet
651 1753 760 1837 gradu.

203 1865 266 1926 quo
291 1843 340 1906 bis
365 1865 441 1907 sena
463 1845 573 1906 volant
597 1841 700 1905 sidera
722 1841 864 1923 turbine,

203 1954 266 2014 quo
292 1955 386 1996 cursu
410 1936 560 2015 properat
583 1931 710 1994 volvere
734 1931 861 1994 saecule

203 2025 361 2084 astrorum
386 2021 548 2102 deminuo,
572 2042 636 2103 quo
659 2023 810 2102 properat
834 2021 930 2083 modo

204 2111 343 2193 obliquis
367 2109 489 2175 Hecate
512 2132 637 2174 currere
661 2109 809 2172 flexibus:

203 2198 265 2263 hoc
289 2221 399 2263 omnes
423 2200 562 2283 petimus
585 2199 653 2262 fote
674 2220 734 2262 nec
757 2198 910 2281 emplius,

204 2289 324 2351 iuratos
348 2289 472 2371 superis
496 2289 552 2370 qui
574 2288 683 2372 tetigit
705 2289 808 2367 lacus,

203 2399 338 2459 usquam
363 2381 424 2461 est;
447 2382 484 2440 nt
508 2375 618 2442 calidis
641 2378 750 2440 fumus
774 2376 813 2439 ab
838 2376 969 2460 ignibus

203 2467 359 2547 vanescit,
382 2466 523 2549 spatium
546 2488 602 2548 per
626 2466 720 2528 breve
744 2464 904 2547 sordidus,

204 2560 240 2618 ut
263 2556 378 2638 nubes,
402 2556 548 2640 gravidas
573 2577 651 2637 quas
674 2554 770 2618 modo
794 2554 946 2635 vidimus,

204 2645 305 2709 arctoi
328 2645 449 2708 Boreae
473 2644 597 2709 dissicit
620 2644 772 2726 impetus:

204 2735 250 2798 sic
273 2734 342 2816 hic,
366 2756 429 2816 quo
453 2734 604 2818 regimur,
628 2733 758 2815 spiritus
783 2731 899 2796 effluet.

204 2828 277 2906 post
301 2828 436 2887 mortem
460 2822 543 2885 nihil
566 2825 614 2886 est
637 2823 769 2905 ipsaque
793 2843 879 2884 mors
903 2822 1000 2903 nihil,

204 2912 323 2976 velocis
347 2912 444 2995 spatii
467 2915 552 2976 meto
574 2912 761 2995 novissima,

204 3023 294 3082 spem
318 3006 440 3084 ponant
463 3001 561 3082 avidi,
584 3000 716 3064 solliciti
739 3004 873 3063 metum:

165 3143 214 3190 8⁷1
232 3138 342 3192 fabula:
363 3141 380 3192 b
399 3145 418 3194 2
436 3159 469 3194 m.
490 3158 523 3194 em
536 3159 565 3192 m
583 3145 604 3191 E
619 3141 694 3208 11888
713 3140 902 3209 interropandi
920 3141 1029 3208 siparum

94 3209 215 3264 conditis
234 3226 261 3262 co
281 3211 330 3263 del.
347 3213 445 3279 Pciper·
465 3216 474 3281 n
497 3217 548 3264 875
567 3211 662 3264 tristes
681 3214 703 3262 A
720 3211 799 3278 {post
817 3211 961 3264 cohercuit
980 3213 1032 3265 inte

93 3287 187 3336 notam
206 3282 287 3349 ponit
304 3282 403 3349 Peiper·
429 3285 438 3352 ΙΙ
465 3289 517 3336 878
537 3299 573 3336 an
591 3286 650 3335 ΔΣ
670 3297 703 3334 88
727 3285 752 3351 (8
771 3283 789 3334 i.
807 3285 872 3349 ros.)
891 3282 927 3333 ΕΒ
954 3284 962 3350 ll
992 3288 1032 3334 88⁴

94 3352 209 3406 ueniens
233 3351 279 3404 uel
302 3352 412 3421 fugiens
436 3359 459 3405 A
486 3355 530 3407 bis
558 3373 581 3406 v.
606 3353 650 3406 bis
676 3353 693 3405 f.
717 3354 907 3423 Henneberyer·
932 3358 935 3420 Ι
961 3354 1032 3407 leba·

95 3429 147 3478 888
164 3423 208 3476 bis
228 3440 297 3490 quos
315 3439 381 3476 sene
394 3429 497 3478 vocant
509 3433 531 3478 Ε
545 3429 554 3495 ss
568 3431 619 3479 887
640 3426 734 3479 secula
752 3425 865 3478 uoluere
880 3430 902 3476 A
916 3428 924 3491 ll
940 3431 992 3478 889
1012 3443 1032 3479 8.

94 3502 115 3548 Ε
139 3494 238 3549 echete
256 3500 278 3546 A
296 3497 305 3565 ll
323 3500 375 3547 899
394 3494 464 3548 haec
483 3512 577 3549 omnes
596 3501 646 3548 ΕΔ
664 3512 731 3553 corr.
747 3508 774 3561 ψ
797 3500 805 3564 l
827 3501 877 3548 899
898 3497 1027 3549 sordibus

96 3573 148 3621 895
168 3567 287 3635 dissipat
305 3572 328 3618 A
356 3565 472 3619 dissicet
490 3574 511 3618 Ε
530 3584 597 3622 corr.
612 3577 640 3631 ψ
