2394 3990
339 215 528 270 macrias
548 215 737 287 [carinus]
978 214 1044 282 891

189 364 262 427 date
285 361 451 426 Bistoniae
474 361 605 425 verbera
629 366 746 427 matres
963 377 1032 427 1895

187 452 375 537 gelidusque
398 453 490 514 sonet
513 449 695 533 planctibus
719 448 861 514 Hebrus:
961 456 1046 510 18951’

187 541 261 604 flete
283 538 434 621 Alciden,

188 629 275 711 qued
298 649 364 691 non
387 627 522 693 stabulis
545 628 688 690 nascitur
710 627 816 691 infans

187 737 247 781 nec
269 720 376 781 vestra
401 737 513 801 greges
537 715 659 780 viscera
683 721 831 800 carpunt3

187 805 263 870 fleat
285 804 412 869 Antaeo
435 804 536 868 libera
558 805 654 868 tellus

189 899 221 958 et
243 898 336 978 rapta
358 893 427 957 fero
450 893 547 977 plaga
571 890 750 976 Geryonae:

188 1004 314 1047 mecum
337 982 471 1046 miserae
494 981 639 1065 plangite
662 985 788 1066 gentes,

187 1072 297 1136 audiat
319 1072 403 1151 ictus
427 1074 563 1151 utraque
586 1069 715 1153 Tethys.

187 1181 244 1224 vos
269 1181 412 1242 quoque,
435 1159 546 1221 mundi
569 1158 665 1222 turba
688 1159 792 1241 citati,

188 1248 262 1312 flete
284 1247 476 1329 Herculeos,
499 1246 645 1330 numina,
669 1266 774 1312 casus:

188 1341 330 1401 vestrum
353 1334 482 1400 Alcides
507 1336 630 1400 cervice
653 1358 743 1400 meus

188 1425 358 1506 mundum,
381 1424 503 1508 superi,
526 1426 713 1506 caelumque
736 1425 826 1506 tulit,

188 1534 261 1578 cum
285 1513 440 1597 stelligeri
462 1516 572 1578 vector
595 1510 726 1597 Olympi

187 1602 327 1686 pondere
350 1602 432 1666 liber
454 1602 590 1684 spiravit
612 1599 742 1666 Atlans:

186 1691 243 1754 ubi
265 1710 352 1754 nunc
373 1694 512 1772 vestrae,
534 1688 689 1773 luppiter,
713 1690 823 1754 arces?
953 1754 955 1759 .

188 1780 245 1843 ubi
267 1779 418 1863 promissi
440 1779 529 1864 regia
552 1778 685 1842 mundi?

187 1890 302 1951 nempe
320 1866 450 1931 Alcides
473 1868 619 1931 mortalis
643 1867 725 1950 obit,

187 1976 302 2040 nempe
325 1957 479 2040 sepultus.
526 1956 674 2038 quotiens
697 1955 771 2020 telis

186 2045 374 2127 facibusque
396 2046 462 2109 tuis
485 2045 540 2108 ille
563 2043 721 2128 pepercit,

188 2135 337 2215 quotiens
358 2133 445 2218 ignis
469 2133 666 2218 spargendus
690 2135 770 2197 erat!

188 2223 222 2285 in
245 2244 296 2286 me
320 2223 433 2286 saltem
457 2222 596 2285 iaculare
619 2222 722 2287 facem

188 2309 398 2393 Semelenque
422 2315 508 2393 puta.

185 2399 291 2463 iamne
314 2398 455 2482 Elysias,
479 2420 498 2462 0
521 2402 610 2481 nate,
632 2398 760 2482 demus,

189 2487 252 2551 iam
275 2487 353 2552 litus
375 2487 475 2551 habes

186 2576 227 2640 ad
250 2577 336 2658 quod
358 2576 497 2660 populos
520 2579 635 2639 natura
658 2575 774 2639 vocat?

186 2687 228 2729 an
250 2669 325 2748 post
347 2669 476 2748 raptum
501 2661 582 2747 Styx
605 2668 673 2728 atra
697 2685 808 2728 canem

187 2753 360 2837 praeclusit
383 2754 444 2818 iter'
466 2757 562 2835 teque
586 2753 620 2816 in
643 2753 748 2836 primo

185 2842 297 2906 limine
320 2840 406 2906 Ditis
428 2842 495 2905 fata
519 2842 706 2906 morantur?

186 2931 258 3012 quis
281 2951 368 2994 nunc
390 2930 534 3012 umbras,
556 2934 645 3012 nate,
667 2931 826 2994 tumultus

95 3139 368 3195 18998111101111118
393 3142 397 3206 1
421 3158 446 3194 v.
466 3139 582 3195 natis!
609 3143 619 3210 11
645 3144 711 3192 1897
735 3138 861 3194 uescitur
879 3137 973 3192 infans
994 3143 1044 3191 EA

49 3228 93 3266 mr.
112 3212 281 3276 1111118991.
301 3211 600 3280 1191111111110811111111
620 3213 648 3265 et
664 3213 668 3279 1
684 3211 767 3280 rapta
784 3216 806 3263 B
824 3212 833 3280 ΙΙ
850 3214 915 3262 1901
933 3218 1045 3264 mecum

49 3281 859 3423 111911111ῗέ11·ῗὲ1”11““1”11“ῗὲ1”1111οέ
878 3281 982 3421 ists
999 3281 1041 3405 t*

49 3441 98 3480 ens
112 3425 145 3479 ci.
156 3425 268 3480 Richter
284 3427 288 3494 Ι
305 3424 395 3478 stellis
409 3431 431 3477 Ε
445 3427 454 3494 ll
468 3429 531 3477 1915
546 3423 739 3492 Semelemquc
752 3425 833 3478 tuam
846 3429 867 3475 11
881 3426 966 3492 111911
985 3423 1045 3476 iam
1136 3448 1140 3489 ,-

49 3498 92 3550 tus
112 3495 285 3555 11111)θεῖ181
303 3511 373 3564 quos
391 3494 554 3566 populosll
575 3511 611 3549 an
630 3496 695 3563 post
712 3495 854 3564 raptum!
876 3496 977 3547 natura
995 3509 1044 3546 va·
1134 3492 1140 3561 1}

49 3569 89 3622 st?
106 3570 110 3637 Ι
127 3566 166 3622 St.
187 3583 211 3621 a.
232 3584 254 3621 c.
273 3586 301 3636 p.
317 3567 335 3621 i.
354 3573 376 3619 Ε
