2394 3990
128 199 199 263 338·
452 200 482 253 L.
497 199 639 252 ANNAEI
658 197 821 253 SENECAE

128 363 208 409 nvn.
234 343 317 420 Quid
340 344 428 408 istud
451 349 499 409 est
523 345 610 427 quod
633 367 701 409 esso
725 350 881 409 secretum
904 345 1012 429 petis?
1099 425 1102 430 Ι
1137 333 1140 338 ’

127 451 197 498 Dm.
220 433 297 498 Non
319 436 385 498 tela
407 438 496 516 sunt,
518 455 585 498 non
608 455 709 516 arma,
731 456 797 497 non
820 434 905 519 ignis
928 436 1049 499 minax.

127 541 207 586 nvn.
230 521 396 586 Praestare
418 523 522 586 fatcor
544 544 639 605 posse
661 544 713 586 me
735 522 868 587 tacitam
891 523 1003 606 fidem,
1093 540 1145 589 488

129 613 156 674 si
181 613 299 676 scelere
323 615 440 674 careat:
464 611 592 674 interim
616 611 719 674 scelus
743 615 791 675 est
813 611 900 676 fides.

128 717 198 762 Dnl.
223 699 439 783 Circumspice
463 699 614 784 agedum,
636 721 676 762 ne
700 700 773 783 quis
796 722 912 764 arcana
935 705 1087 785 occupet,

127 791 315 871 partemque
337 789 373 851 in
396 810 523 852 omnem
547 788 656 852 vultus
679 789 843 872 inquirens
867 792 927 853 cut.

125 894 206 940 nvn.
230 876 282 940 En
304 878 394 941 locus
418 876 458 940 ab
483 877 571 940 omni
593 880 683 940 tutus
706 877 839 941 arbitrio
863 882 964 944 vacat.

126 983 196 1029 DEI.
219 964 281 1029 Est
304 967 337 1029 in
359 969 484 1029 remoto
507 965 614 1050 regiae
638 965 722 1028 sedis
744 967 817 1031 loco
1091 983 1142 1033 485

127 1075 241 1117 arcana
263 1055 380 1118 tacitus
402 1057 513 1118 nostra
537 1053 709 1118 defendens
732 1076 854 1137 specus.

125 1164 192 1206 non
214 1143 270 1206 ille
292 1143 414 1225 primos
437 1142 555 1225 accipit
578 1144 661 1206 soles
684 1143 789 1226 locus,

125 1252 191 1294 non
214 1232 270 1295 ille
292 1252 394 1313 seros,
416 1253 490 1296 cum
513 1232 618 1295 ferens
637 1230 733 1295 Titan
757 1232 840 1295 diem

123 1321 245 1384 lassum
267 1320 396 1383 rubenti
418 1320 536 1405 mergit
559 1317 685 1383 Oceano
709 1321 830 1405 iugum.

124 1409 192 1473 illic
215 1409 333 1472 amoris
356 1409 475 1494 pignus
498 1407 650 1473 Herculei
671 1410 759 1472 latet.

125 1499 239 1580 altrix,
257 1498 395 1561 fatebor:
419 1500 531 1562 auctor
553 1501 602 1561 est
623 1495 748 1561 Nessus
769 1498 847 1561 mali

126 1608 221 1669 quem
244 1587 375 1671 gravida
398 1583 543 1668 Nephele
562 1585 716 1650 Thessalo
740 1587 853 1671 genuit
875 1586 964 1670 duci,

126 1697 189 1757 qua
212 1674 356 1758 trepidus
379 1675 473 1738 astris
497 1675 608 1739 inserit
630 1674 872 1757 Pinduscaput

109 1764 273 1846 *ultraque
296 1763 398 1827 nubes
421 1760 541 1846 Othrys
564 1763 697 1845 eductus
720 1764 812 1848 riget.

123 1873 262 1934 namque
284 1855 322 1915 ut
345 1852 495 1916 subactus
519 1850 668 1915 Herculis
691 1852 783 1916 clava
804 1850 927 1915 horridi

123 1940 288 2004 Achelous
312 1941 416 2004 omnis
439 1940 544 2005 facilis
567 1941 603 2004 in
625 1940 746 2022 species
769 1940 838 2004 dari

123 2030 253 2093 tandem
276 2029 414 2112 peractis
438 2029 586 2092 omnibus
610 2029 716 2112 patuit
737 2028 813 2092 feris

123 2135 253 2200 unoque
275 2121 368 2202 turpe
392 2117 534 2181 subdidit
556 2138 657 2181 cornu
680 2121 791 2200 caput,

124 2228 176 2269 me
201 2205 370 2289 coniugem
394 2206 470 2269 dum
493 2205 598 2270 victor
615 2203 746 2270 Alcides
769 2205 880 2288 habet,

123 2294 289 2377 repetebat
307 2292 422 2379 Argos.
467 2293 551 2358 forte
573 2316 631 2377 per
653 2315 784 2377 campos
807 2315 909 2379 vagus

123 2382 255 2446 Euenos
278 2384 379 2446 altum
403 2383 564 2468 gurgitem
588 2384 622 2446 in
644 2386 781 2466 pontum
804 2382 909 2445 ferens

124 2472 188 2534 iam
211 2493 312 2554 paene
335 2471 469 2535 summis
492 2471 640 2534 turbidus
664 2472 754 2535 silvis
778 2474 853 2534 erat.

19 2574 21 2579 '
122 2561 259 2624 transire
281 2557 403 2623 Nessus
426 2560 578 2625 verticem
602 2559 716 2623 solitus
739 2559 829 2622 vadis

122 2649 262 2731 pretium
285 2649 447 2732 poposcit3
470 2670 585 2731 meque
608 2648 672 2711 iam
696 2647 790 2711 dorso
813 2648 918 2711 ferens

124 2759 188 2820 qua
210 2737 317 2822 iungit
339 2736 503 2800 hominem
527 2737 619 2820 spina
642 2736 792 2800 deficiens
816 2757 913 2819 equo,
1087 2754 1137 2802 505

122 2825 293 2911 frangebat
315 2825 401 2908 ipsas
424 2825 567 2889 fluminis
589 2825 706 2888 tumidi
728 2825 840 2888 minas.

19 2990 23 3007 ¹
141 3031 143 3034 Α
194 2987 246 3035 478
265 2998 332 3036 secr.
348 2981 427 3035 iubes
446 2985 469 3032 A
488 2983 498 3051 ΙΙ
520 2986 574 3034 478
591 2980 685 3034 minae
703 2985 726 3032 A
743 2983 753 3050 ΙΙ
773 2986 827 3034 488
846 2983 969 3050 aucupet
987 2981 1113 3053 Scaliper
1128 2983 1138 3054 ll

123 3058 175 3105 488
195 3053 269 3106 sedis
283 3052 414 3122 egregiae
429 3052 491 3106 loco
505 3057 528 3104 A
541 3055 551 3123 ΙΙ
565 3057 617 3104 488
636 3050 691 3105 def.
705 3051 784 3106 locus
798 3056 821 3103 A
834 3053 843 3121 ΙΙ
857 3056 909 3104 488
928 3068 992 3106 cum
1008 3053 1137 3107 auferens

31 3160 34 3165 -
124 3123 243 3189 Richter,
258 3131 320 3192 post
338 3129 389 3176 488
409 3124 538 3179 lacunam
555 3124 653 3177 statuit
670 3123 726 3176 Leo
740 3125 750 3192 ΙΙ
767 3128 821 3176 488
838 3122 943 3176 lassam
960 3127 983 3174 A
1000 3125 1005 3192 1
1022 3123 1099 3178 diem
1116 3131 1137 3176 B

122 3195 213 3246 rotam
231 3198 254 3245 A
276 3211 344 3249 corr.
365 3195 407 3248 M.
428 3195 533 3248 Miller
552 3211 581 3263 p.
601 3197 637 3246 48
660 3195 718 3247 coll.
738 3211 761 3248 o.
783 3197 836 3246 781
868 3196 877 3263 ll
908 3198 962 3246 488
983 3193 1066 3248 illinc
1089 3197 1137 3263 El

122 3268 173 3315 481
190 3263 294 3317 Nessus
313 3267 356 3319 est
374 3267 472 3319 auctor
489 3269 512 3316 A
543 3268 553 3335 ss
584 3269 637 3317 488
655 3263 747 3318 nefelc
765 3270 787 3316 Ε
806 3264 894 3318 nubes
912 3269 935 3316 A
967 3266 976 3334 l
1008 3270 1062 3319 488
1082 3283 1137 3334 qua

122 3333 212 3387 celsus
227 3339 250 3386 A
268 3352 323 3402 qua
338 3335 479 3390 aetherius
493 3335 549 3390 Leo
568 3352 594 3402 q.
609 3334 717 3404 rigidus
733 3334 763 3389 0.
777 3335 914 3400 Rossbach
927 3337 937 3404 ll
950 3340 1005 3389 484
1019 3337 1136 3391 eductus

120 3404 203 3460 rubet
217 3411 238 3457 E
252 3408 327 3474 11488
341 3423 436 3461 omnes
446 3411 469 3458 A
483 3405 581 3460 faciles
596 3405 728 3474 inspicies
740 3411 761 3457 Ε
775 3407 785 3474 ΙΙ
798 3410 851 3459 488
865 3406 955 3475 turpis
964 3410 988 3459 A
1001 3408 1012 3476 ΙΙ
1026 3413 1076 3460 881
1089 3407 1144 3461 he··

122 3475 210 3529 benus
228 3481 251 3528 A
271 3479 280 3547 ΙΙ
304 3482 356 3529 888
374 3476 443 3545 ripis
462 3481 523 3530 erat
541 3482 564 3529 A
587 3479 595 3547 l
619 3482 670 3529 888
689 3475 789 3530 solitus
807 3493 896 3546 vagus
913 3483 936 3529 Ε
955 3494 976 3530 u.
991 3494 1096 3548 vagum
1113 3482 1136 3529 A

119 3565 187 3602 corr.
204 3559 231 3613 ψ
246 3551 255 3617 ll
269 3553 321 3600 884
340 3564 439 3617 gerens
458 3549 573 3618 Bentley
