2394 3990
384 212 574 268 arnovius
593 212 760 285 [uranus]

199 381 294 443 quam
318 379 392 431 oum
415 359 501 424 clara
524 359 600 422 deos
624 359 777 422 obtulerit
800 359 867 423 dies

200 447 410 532 Spartanique
433 447 535 511 aderit
558 446 653 511 ianua
676 446 832 511 Taenari?

199 537 265 601 odit
287 558 382 600 verus
405 557 496 600 amor
518 556 577 599 nec
599 535 722 618 patitur
743 557 863 599 moras:

198 647 314 689 munus
337 626 413 688 dum
436 628 587 707 properat
610 645 751 706 cernere,
774 624 920 707 perdidit.

261 713 350 789 Quae
373 713 460 777 vinci
481 713 589 795 potuit
611 713 700 797 regia
723 715 877 795 carmine,

198 803 275 866 haec
298 801 385 866 vinci
408 801 528 885 poterit
549 802 638 886 regia
661 801 791 865 uiribus.

453 965 686 1033 HEROVLES

141 1081 161 1147 0
181 1085 261 1149 lucis
284 1086 388 1149 almae
410 1088 516 1148 rector
538 1088 570 1147 et
593 1085 674 1148 caeli
696 1085 806 1167 decus,

95 1170 133 1251 qui
150 1174 263 1238 alterna
286 1195 382 1238 curru
405 1173 510 1255 spatia
532 1172 723 1236 flammifero
747 1174 891 1238 ambiens

94 1257 196 1326 inlustre
217 1263 293 1326 latis
318 1263 420 1326 exeris
443 1261 537 1325 terris
557 1264 667 1343 caput,

93 1345 130 1429 du,
146 1348 281 1433 Phoebe,
303 1351 445 1432 veniam,
468 1350 497 1414 si
520 1349 598 1432 quid
620 1350 781 1414 inlicitum
805 1352 853 1413 tui

93 1435 170 1502 ridere
191 1440 313 1503 vultus:
337 1439 443 1503 iussus
467 1438 501 1502 in
522 1438 628 1502 lucem
652 1439 754 1502 extuli

92 1542 178 1590 amana
197 1527 319 1591 mnndi.
364 1531 479 1610 tuque,
502 1527 675 1590 caelestum
699 1526 819 1590 arbiter

92 1631 251 1699 parensque,
275 1617 367 1680 visus
386 1616 522 1680 fulmine
547 1616 696 1698 opposito
720 1619 806 1700 tege;

92 1702 114 1762 et
129 1705 168 1786 tu,
189 1703 327 1769 secundo
351 1704 452 1768 maria
475 1704 532 1786 qui
556 1708 681 1787 sceptro
705 1705 804 1788 regis,

92 1785 148 1855 imus
167 1798 237 1876 pete
260 1794 371 1857 undas.
417 1793 564 1875 quisquis
588 1815 628 1856 ex
651 1794 716 1856 alto
741 1793 857 1875 aspicit

91 1878 198 1965 terrena,
219 1882 302 1946 facie
324 1881 428 1964 pollui
450 1883 596 1945 metuens
619 1902 716 1962 nova,

91 1965 164 2032 aciem
184 1971 327 2034 reflectat
351 1990 469 2052 oraque
493 1970 528 2032 in
550 1971 674 2033 caelum
698 1970 801 2054 erigat

90 2059 208 2132 portenta
230 2060 372 2144 fugiens:
393 2057 458 2122 hoc
480 2059 569 2122 nefas
593 2062 724 2121 cernant
748 2059 825 2139 duc,

91 2143 130 2221 qui
146 2148 267 2212 advexit
290 2152 322 2211 et
346 2169 427 2231 quae
450 2147 552 2210 iussit.
598 2147 632 2211 in
654 2169 774 2229 poenas
797 2169 884 2211 meas

91 2232 160 2314 atque
181 2237 213 2300 in
234 2237 362 2300 labores
385 2258 454 2314 non
475 2235 553 2299 satis
578 2239 681 2298 terrae
703 2239 815 2318 patent

91 2312 193 2414 iunonis
216 2326 305 2389 odio:
328 2325 395 2388 vidi
418 2325 579 2388 inaccessa
603 2324 767 2407 omnibus,

41 2406 44 2495 i
90 2415 174 2488 lguota
193 2412 326 2477 Phoebo
350 2433 495 2496 quaeque
518 2413 657 2476 deterior
679 2415 774 2495 polus

41 2506 44 2517 '
90 2493 195 2565 obscura
217 2502 287 2566 diro
311 2502 416 2585 spatia
439 2503 596 2565 concessit
619 2500 703 2584 Iovi3

90 2585 121 2664 et,
137 2589 159 2652 si
179 2591 342 2673 placerent
364 2590 477 2654 tertiae
501 2592 596 2654 sortis
618 2592 704 2671 loca,

88 2679 822 2852 mpiuiirinitsuub?du

88 2849 111 2909 ei
125 2852 181 2919 fata
200 2857 281 2939 vidi,
304 2859 407 2920 morte
430 2859 615 2939 contempta
637 2856 713 2919 redi.
817 2907 820 2912 .

88 2939 143 3016 quid
161 2949 259 3010 restat
282 2945 391 3009 aliud?
413 2945 480 3008 vidi
503 2948 535 3008 et
558 2944 684 3008 ostendi
706 2944 834 3007 inferos.

87 3021 153 3095 tusi
172 3032 250 3118 quid
271 3034 358 3097 ultra
381 3036 443 3115 est,
466 3034 529 3097 iam
553 3033 608 3096 diu
632 3032 750 3115 pateris
774 3054 887 3096 manus

86 3130 181 3186 usuro
202 3125 343 3207 nostras,
366 3120 462 3204 lun03
486 3144 567 3205 quae
590 3122 676 3184 vinci
699 3121 811 3184 iubes?
1019 3137 1070 3186 615

134 3204 188 3275 Sed
208 3212 336 3295 templa
354 3232 452 3294 quare
475 3211 568 3274 miles
592 3210 728 3273 infestus
751 3213 839 3273 tenet

85 3287 218 3384 limenque
241 3321 368 3365 sacrum
391 3304 494 3364 terror
516 3321 678 3362 armorum
702 3298 848 3362 obsidet?

136 3422 181 3472 tto
198 3420 330 3476 cuntibus
344 3426 367 3472 A
380 3423 390 3490 ΙΙ
404 3425 458 3474 694
476 3420 558 3473 laetis
577 3425 600 3471 A
614 3423 623 3488 {i
638 3425 688 3471 597
709 3419 832 3472 archana
850 3425 871 3470 Ε
895 3421 1003 3472 secreta
1021 3424 1044 3470 A
1065 3420 1067 3489 t
1166 3440 1169 3445 ·

86 3484 222 3546 celestium
236 3497 291 3558 Εψ
304 3494 314 3562 ΙΙ
328 3497 380 3545 60¹1
400 3506 512 3560 quaque
526 3497 547 3542 Ε
561 3494 571 3560 ΙΙ
585 3495 633 3544 cla
652 3490 706 3543 uici
721 3508 748 3544 ω
768 3507 835 3545 coir.
850 3490 907 3545 Leo
920 3491 929 3558 t!
944 3495 992 3543 614
1010 3492 1070 3544 tam
1158 3492 1161 3497 '

86 3549 172 3632 diurn
184 3568 231 3617 oro
250 3562 320 3630 quid
338 3568 361 3614 A
