2394 3990
144 215 205 278 128
465 214 495 267 L.
510 213 651 266 ANNAEI
669 211 832 267 SENECAE

140 365 260 424 terrore
283 359 448 442 pavidum,
473 359 592 442 quippe
617 379 712 441 quem
735 380 857 442 poenae
880 359 1005 443 expetit

139 451 269 532 letoque
292 446 429 511 Acastus
452 469 552 532 regna
574 445 758 511 Thessalica
781 447 939 531 optinens.

141 538 229 602 senio
252 540 441 601 trementem
466 536 564 599 debili
587 540 683 619 atque
706 556 784 599 aevo
809 556 941 620 gravem

140 630 264 710 patrem
286 629 489 709 peremptum
513 625 658 708 queritur
680 628 713 689 et
735 625 818 688 coesi
842 625 928 690 senis

141 715 273 778 discissa
295 714 452 797 membra,
476 735 549 777 cum
573 712 647 776 dolo
671 717 783 797 captae
806 716 863 777 tuo

140 804 212 887 piae
236 824 360 867 sorores
384 802 520 886 impium
544 802 698 866 auderent
719 801 818 866 nefas.

140 896 248 976 potest
270 890 378 974 Iason,
401 891 429 955 si
451 895 541 954 tuam
565 911 694 955 causam
718 912 861 974 amoves,

141 1003 232 1044 suam
255 981 350 1044 tueri:
374 981 482 1043 nullus
506 980 681 1043 innocuum
705 1000 800 1043 cruor

141 1069 385 1151 contaminavit,
409 1069 490 1132 afuit
512 1069 596 1132 ferro
620 1089 734 1132 manus

140 1160 317 1242 proculque
340 1161 446 1221 vestro
470 1179 569 1241 purus
593 1180 612 1220 a
635 1161 728 1220 coetu
752 1157 849 1221 stetit.

141 1251 190 1330 tu,
213 1251 250 1310 tu
272 1247 431 1310 malorum
455 1245 669 1309 machinatrix
691 1245 884 1330 facinorum,

141 1337 193 1399 cui
215 1336 353 1400 feminae
376 1335 520 1418 nequitia
543 1334 584 1398 ad
607 1334 752 1398 audenda
775 1334 896 1418 omnia,

140 1425 239 1489 robur
261 1425 352 1487 virile
376 1428 438 1506 est,
460 1424 550 1487 nulla
572 1424 676 1486 famae
699 1424 879 1506 memorie‚·
930 1471 932 1475 .

141 1513 303 1598 egredere,
325 1534 429 1597 purga
451 1533 563 1596 regne,
585 1513 697 1576 letales
721 1512 819 1576 simul

141 1606 247 1665 tecum
271 1601 360 1665 aufer
382 1600 511 1682 herbas,
533 1600 634 1664 libere
657 1601 742 1664 cives
765 1605 867 1682 metu,

141 1691 204 1754 alie
227 1691 339 1754 sedens
362 1690 477 1753 tellure
501 1690 639 1753 sollicita
663 1690 747 1753 deos.

141 1797 224 1842 Mur).
248 1778 423 1863 Profugere
447 1778 559 1863 cogis?
581 1777 677 1842 redde
699 1777 838 1863 fugienti
860 1781 964 1842 ratem

142 1869 194 1931 vel
216 1867 311 1931 redde
335 1867 486 1932 comitem
505 1867 678 1952 -fugere
702 1887 759 1931 cur
781 1865 884 1930 solam
907 1867 1022 1932 iubes?

141 1978 207 2019 non
230 1956 299 2020 sola
321 1956 404 2020 veni.
449 1954 535 2019 bella
557 1956 584 2020 si
608 1955 724 2020 metuis
747 1955 829 2039 peti,
877 2015 880 2026 ,

140 2049 313 2128 utrumque
335 2066 435 2130 regno
459 2045 552 2128 pelle.
599 2065 662 2109 cur·
677 2048 785 2109 sontes
810 2043 890 2108 duos

142 2133 334 2218 distinguis?
358 2134 407 2197 illi
429 2133 532 2216 Pelia,
554 2154 620 2197 non
642 2133 737 2196 nobis
760 2133 856 2217 iacet3

140 2221 265 2306 fugem,
287 2222 416 2305 rapinas
440 2223 542 2306 adice,
566 2221 726 2285 desertum
749 2225 873 2306 patrem

140 2311 345 2394 lacerumque
368 2312 513 2394 fratrem,
537 2310 691 2394 quicquid
714 2311 811 2375 etiam
833 2331 920 2374 nunc
943 2331 1045 2375 novas

142 2399 235 2463 docet
258 2401 392 2463 maritus
415 2400 583 2484 coniuges,
604 2420 671 2463 non
693 2404 742 2463 est
764 2421 885 2463 meum:

141 2488 259 2552 totiens
283 2510 402 2553 nocens
425 2510 496 2552 sum
519 2489 618 2571 facta,
643 2487 699 2552 sed
721 2509 898 2571 numquam
922 2487 1013 2553 mihi.
1103 2503 1152 2552 280

143 2594 194 2641 cn.
218 2575 286 2640 Iam
310 2578 413 2641 exisse
437 2577 551 2641 decuit.
589 2575 675 2729 ¹qluid
699 2576 777 2641 seris
799 2575 897 2640 fando
922 2578 1052 2641 moras?

141 2684 225 2729 mnu.
250 2664 394 2750 Supplex
416 2665 566 2729 recedens
592 2665 598 2678 '
627 2665 671 2728 ud
693 2669 872 2729 extremum
894 2686 1017 2750 precor,

141 2777 181 2818 ne
205 2757 300 2838 culpe
322 2758 416 2818 natos
438 2755 550 2818 matris
572 2754 716 2819 insontes
739 2752 853 2817 trahat.

143 2859 194 2906 GR.
218 2842 320 2907 Vade:
343 2843 403 2907 hos
427 2847 560 2927 patorno
583 2847 620 2906 ut
643 2843 770 2928 genitor
792 2842 951 2926 excipiam
976 2844 1057 2908 sinu.

141 2949 224 2995 ΜΕΙ).
248 2931 310 2995 Per
333 2954 393 3018 ego
417 2932 599 3015 auspicatos
621 2931 703 3016 regii
726 2930 860 2996 thalami
883 2935 987 3014 toros,
1103 2948 1150 2996 285

213 3146 266 3193 666
285 3142 390 3210 quippe
409 3157 491 3210 quem
510 3147 533 3194 R
552 3140 657 3211 quippe
675 3148 762 3196 coen
782 3141 887 3212 quippe
905 3144 935 3196 te
948 3147 973 3196 Δ
994 3144 1004 3212 11
1027 3148 1080 3196 666
1098 3141 1158 3195 dis-

142 3210 256 3264 ciscaE
278 3214 281 3280 1
303 3215 459 3281 coeptaeE
487 3215 495 3281 11
523 3218 575 3266 666
594 3213 689 3267 nullus
709 3213 772 3280 (sic)
791 3213 928 3268 innocuus
946 3218 971 3266 B
997 3215 1006 3282 11
1034 3218 1087 3267 666
1105 3211 1161 3267 sed

141 3284 173 3335 tu
191 3287 214 3333 Δ
237 3284 245 3350 11
273 3288 325 3336 667
345 3283 391 3336 cui
409 3283 531 3339 feminae
550 3286 613 3352 (litt.
633 3300 649 3338 e
667 3285 781 3354 incerta)
799 3290 822 3336 R
841 3284 887 3339 cui
905 3283 1029 3339 feminea
1047 3289 1096 3338 :A
1113 3283 1161 3336 fe-

141 3353 235 3407 minea
258 3352 303 3407 cui
327 3355 414 3409 Bothe
439 3356 443 3423 1
468 3356 599 3410 audenda
621 3354 684 3409 w
712 3356 841 3410 audendo
863 3356 899 3409 13¹
927 3356 1087 3410 audendum
1105 3359 1126 3406 Δ
1142 3350 1164 3419 11

47 3452 51 3461 -
142 3429 194 3477 666
213 3424 293 3478 virile
306 3425 392 3479 robur
405 3427 465 3495 (om.
481 3429 534 3496 est)
548 3432 571 3478 Δ
584 3429 594 3496 11
608 3433 661 3481 676
678 3427 763 3482 ratim
778 3427 798 3496 (i
812 3443 869 3482 ooo
882 3429 965 3497 certa)
980 3429 1026 3496 Bu
1039 3431 1091 3480 676
1109 3422 1164 3478 vel

140 3496 227 3549 redde
242 3515 283 3621 qi,
303 3499 366 3551 etr.
381 3497 519 3568 Leoll2'16
538 3497 630 3552 Pelias
645 3498 780 3571 Εψ11676
798 3515 874 3554 nuno
886 3501 956 3553 nota
969 3499 1071 3568 171676
1089 3513 1164 3551 con⁶

140 3583 224 3622 uoces
