2394 3990
451 941 689 1009 HEROVLES
719 1002 721 1007 .

132 1068 227 1134 Sutor
249 1067 396 1152 deorum,
419 1069 510 1134 cuius
534 1090 703 1134 excussum
727 1092 824 1134 manu
901 1117 903 1120 -

62 1162 218 1241 utraeque
240 1156 364 1222 Phoebi
387 1157 531 1221 sentiunt
552 1157 676 1222 fulmen
699 1159 827 1244 domus,

62 1269 175 1312 secure
197 1267 297 1332 regna
317 1283 355 1292 -
376 1246 498 1329 protuli
520 1267 633 1329 pacem
655 1247 730 1329 tibi,

64 1357 268 1419 quacumque
289 1332 413 1400 Nereus
436 1336 560 1420 porrigi
582 1339 682 1400 terres
705 1339 801 1400 vetat.

62 1446 131 1488 non
153 1428 202 1488 est
223 1423 414 1488 tonandum:
437 1423 552 1507 perfidi
574 1444 665 1509 reges
688 1424 806 1507 iacent,
1063 1444 1079 1492 5

63 1513 152 1577 saevi
173 1513 310 1596 tyrum
354 1513 510 1598 fregimus
535 1513 688 1596 quicquid
710 1514 773 1577 fuit

61 1602 125 1666 tibi
146 1601 392 1666 fulminandum.
438 1602 494 1665 sed
516 1601 598 1665 mihi
621 1603 759 1684 coelum,
782 1625 911 1685 parens,

63 1690 169 1755 adhuc
190 1690 347 1776 negatur?
371 1690 464 1773 perui
486 1693 571 1754 certe
594 1687 670 1754 Iove

62 1780 184 1862 ubique
199 1778 324 1865 -dignus
347 1782 443 1862 teque
466 1781 584 1843 testate
606 1782 654 1842 est
677 1800 785 1842 meum

61 1871 189 1951 petrem
211 1887 356 1932 noverca.
402 1866 480 1950 quid
502 1870 611 1931 tamen
632 1867 735 1931 nectis
758 1868 886 1932 mores?
1045 1886 1079 1934 10

61 1956 222 2039 numquid
244 1955 417 2020 timemur?
439 1954 597 2039 numquid
620 1956 809 2038 impositum
832 1957 895 2021 sibi

61 2066 130 2108 non
152 2043 272 2129 poterit
293 2041 386 2108 Atlas
408 2043 492 2108 ferre
515 2066 589 2109 oum
612 2046 700 2109 caclo
723 2043 918 2110 Herculem?
1001 2073 1003 2077 ’

63 2133 144 2217 quid
166 2136 265 2215 estre,
287 2133 422 2218 genitor,
446 2132 525 2216 quid
546 2133 667 2219 negas?
690 2155 777 2198 mors
801 2157 851 2198 me
874 2135 936 2199 tibi

62 2225 150 2288 certe
171 2222 310 2304 remisit,
333 2242 427 2286 omne
451 2223 609 2287 concessit
632 2223 754 2287 melum
858 2255 863 2264 =

62 2310 151 2394 quod
173 2313 260 2375 terre
281 2311 406 2396 genuit,
428 2314 548 2393 pontus
572 2332 625 2374 aer
648 2311 755 2375 inferi:

60 2401 173 2464 nullus
195 2420 253 2483 per
274 2399 370 2463 urbes
393 2403 478 2463 erret
496 2397 649 2464 Arcadias
672 2401 739 2480 leo,

62 2486 264 2572 Stymphalis
286 2487 352 2552 icte
374 2491 436 2570 est,
458 2487 598 2552 Maenali
621 2489 711 2552 nulla
733 2492 782 2552 est
803 2487 885 2573 fere3

61 2576 183 2661 sparsit
203 2578 388 2660 peremptus
411 2599 542 2641 aureum
567 2597 696 2659 serpens
719 2598 832 2640 nemus

61 2669 95 2730 et
117 2663 221 2749 hydra
242 2665 326 2730 vires
348 2665 458 2748 posuit
480 2668 514 2729 et
534 2669 630 2729 notos
652 2664 762 2729 Hebro

61 2775 176 2820 cruore
197 2752 335 2838 pingues
356 2753 523 2837 hospitum
545 2753 629 2839 fregi
651 2775 764 2839 greges

60 2843 230 2926 hostisque
251 2842 336 2906 traxi
358 2843 463 2925 spolia
481 2841 759 2907 Thermodontiae.

60 2931 130 2997 vidi
153 2932 305 2996 silentum
327 2931 395 2996 feta
416 2953 477 2996 nee
499 2935 625 2995 tentum
648 2931 731 3013 redi,

60 3021 119 3087 sed
141 3020 285 3104 trepidus
308 3023 413 3085 etrum
437 3017 612 3084 Cerberum
634 3020 717 3083 vidit
740 3020 807 3083 dies

133 3213 269 3249 arnonus
287 3200 310 3247 E
328 3213 464 3250 nonus
484 3211 601 3248 onrsnvs
621 3200 644 3247 Δ
661 3211 777 3249 scaenae
794 3195 876 3249 inser.
891 3209 941 3249 om.
956 3200 1002 3247 ΒΔ

133 3308 148 3354 1
170 3320 247 3356 mc.
267 3302 359 3371 praef.
382 3308 404 3354 Ε
429 3306 433 3371 Ι
459 3301 599 3355 excelsum
617 3302 671 3355 Ab)
701 3303 709 3370 ΙΙ
736 3306 768 3353 14
792 3317 855 3355 cnm
880 3303 970 3356 cesset
994 3302 1049 3355 Ab)
1069 3302 1079 3373 Η

59 3379 91 3428 lo
111 3373 308 3442 quodcumque
326 3374 380 3426 Δίτ)
403 3375 407 3442 Ι
432 3376 535 3442 pontus
554 3390 604 3427 om.
619 3384 647 3438 ψ
667 3373 734 3439 (Vd.
749 3372 815 3442 Ap.)
848 3373 857 3441 ΙΙ
889 3378 921 3426 lc
938 3372 1078 3443 argolicas

58 3446 85 3500 Ι.
102 3444 215 3500 Gronov
232 3446 243 3513 11
259 3448 291 3496 1⁸
310 3443 410 3498 stravit
441 3444 479 3498 N.
495 3444 630 3499 Heinsius
645 3460 673 3512 p.
689 3446 744 3497 433
761 3445 770 3512 ΙΙ
790 3449 822 3496 19
840 3442 915 3497 virus
934 3445 972 3499 N.
988 3443 1079 3498 Hein-

57 3517 121 3572 sius
135 3531 165 3584 p.
180 3516 306 3584 4341110
324 3512 386 3568 fudi
405 3530 504 3584 greges
523 3520 546 3567 Δ
559 3516 569 3584 ΙΙ
583 3520 618 3568 22
637 3534 662 3569 v.
677 3517 824 3584 regentem
841 3518 865 3566 Δ

115 3611 228 3656 Bm
240 3620 402 3655 mecum
894 3607 936 3657 ‘it
