2394 3990
467 218 672 274 PRAEFATIO
1036 221 1076 276 Xl

60 369 272 429 demonstravi.
325 367 422 438 Quare
454 370 546 429 aliam
577 373 641 447 ipse
672 371 753 430 viam
784 373 932 448 ingressus
965 390 1076 433 novum

62 458 213 535 quoddam
243 459 365 517 initium
397 462 427 518 et
460 462 562 536 caput,
594 459 672 519 unde
704 462 896 537 investigatio
928 460 1076 536 proficisci

61 551 171 624 posset,
193 549 340 607 invenisse
363 548 438 606 mihi
460 548 571 608 videor.
608 548 707 624 Atque
729 550 860 625 primum
881 551 995 626 primae
1013 552 1074 608 tra·

61 637 185 714 goediae
213 638 362 696 canticum
389 638 530 712 quoniam
561 638 593 695 in
620 637 644 696 ll
673 638 822 715 integrum
849 640 894 697 est
920 637 1075 714 traditum,

60 726 93 783 in
116 726 266 801 plerisque
293 727 470 785 recensionis
494 725 522 783 A
546 726 631 786 libris
658 729 757 803 priore
784 728 870 803 parte
898 731 993 802 caret,
1016 727 1074 786 duo

61 815 151 873 facile
180 814 325 891 distingui
351 817 476 890 possunt
505 813 753 892 interpolatorum
782 815 927 875 librorum
956 835 1073 893 genera.

60 901 196 961 Primum
218 904 312 980 igitur
335 902 536 978 quaerendum
559 904 638 979 duxi,
662 903 700 964 ad
723 907 826 962 utrum
848 922 940 982 genus
964 905 1075 982 singuli

60 992 151 1050 huius
173 994 352 1051 recensionis
374 992 445 1050 libri
466 994 658 1067 pertinerent,
679 995 747 1051 tum
775 1012 833 1068 quo
856 995 989 1070 tempore
1011 994 1074 1069 illa,

61 1081 146 1140 emus
169 1083 349 1140 mentionem
372 1082 438 1156 feci,
461 1083 578 1140 iactura
601 1082 682 1140 facta
705 1099 767 1141 esse
790 1081 948 1141 videretur.
990 1080 1074 1151 Quod

60 1171 87 1228 si
110 1169 224 1228 factum
252 1172 342 1245 esset,
369 1172 461 1228 etiam
489 1169 525 1228 de
553 1170 744 1229 Trevethiani
771 1172 870 1230 textus
896 1173 1073 1230 auctoritate

60 1259 171 1316 certius
194 1258 321 1317 iudicari
342 1277 428 1335 posse
451 1259 526 1317 mihi
552 1261 694 1335 persuasi.
740 1259 805 1318 Hac
833 1262 935 1318 autem
963 1259 1074 1335 disqui-

60 1348 169 1406 sitione
199 1347 231 1404 in
261 1346 489 1415 Quaestionibus
520 1349 631 1407 criticis
651 1349 825 1425 pas-13
858 1350 1012 1425 proposita
1043 1346 1074 1405 id

60 1438 235 1495 consecutus
258 1454 332 1510 sum,
355 1437 390 1494 ut
411 1436 577 1496 luculenter
605 1431 845 1511 demonstrarem,
873 1436 1074 1513 compluribus

59 1524 187 1583 saeculis
211 1527 421 1584 antemnates
444 1527 476 1583 in
499 1524 590 1584 Italia
613 1526 729 1585 litteras
758 1525 872 1585 codices
894 1527 1073 1586 recensionis

59 1613 261 1690 interpolatae
289 1615 430 1689 extitisse,
458 1615 510 1689 qui
536 1616 596 1673 ista
625 1616 734 1674 cantici
765 1617 851 1690 parte
881 1617 1015 1673 carerent
1042 1616 1074 1673 in

60 1721 155 1777 eoque
177 1720 300 1761 numero
323 1703 415 1760 etiam
437 1703 629 1762 Trevethiani
657 1703 765 1763 codicis
794 1704 944 1778 exemplar
968 1703 1074 1778 suiss03

59 1792 130 1849 hinc
152 1792 287 1866 sequitur
304 1791 392 1868 longe
411 1794 479 1849 ante
504 1789 580 1849 illud
599 1810 705 1851 aevum
723 1792 861 1850 lacunam
879 1793 1074 1851 memoratam

59 1898 124 1939 esse
152 1882 261 1954 ortam,
293 1884 330 1938 ut
356 1882 421 1939 veri
448 1881 545 1938 simile
573 1882 626 1954 sit,
655 1883 802 1956 quotquot
832 1882 932 1938 extent
959 1880 1073 1940 codices

58 1969 186 2028 lacunae
209 1969 380 2044 participes
403 1987 452 2029 eos
475 1987 575 2029 omnes
604 1969 641 2027 ad
665 1970 875 2029 auctoritatem
899 1968 1073 2028 descendere

59 2058 156 2116 multo
175 2059 375 2132 vetustiorem,
394 2076 484 2132 quam
502 2057 593 2117 libros
614 2077 631 2117 a
648 2059 861 2118 recentioribus
878 2057 964 2116 Italis
983 2060 1073 2117 inter-

58 2147 186 2223 polatos.
233 2143 329 2214 Quare
359 2147 385 2205 si
413 2147 598 2224 contigisset,
628 2149 663 2205 ut
692 2146 783 2228 huius
816 2147 927 2207 ordinis
958 2147 1073 2207 codices

60 2235 178 2310 aliquot
208 2235 424 2311 invenirentur,
455 2254 528 2310 quos
559 2235 719 2313 diligenter
748 2236 916 2312 exploratos
948 2236 985 2294 ab
1014 2238 1073 2296 isto

59 2325 143 2384 fonte
165 2323 339 2399 repetendos
363 2342 425 2383 esse
448 2323 570 2400 probari
591 2328 704 2401 posset,
730 2343 832 2385 eorum
854 2326 996 2384 lectiones
1018 2343 1073 2401 pro

60 2415 141 2472 certo
172 2415 202 2471 et
229 2412 332 2471 stabili
363 2412 556 2473 fundamento
588 2415 766 2473 recensionis
794 2414 822 2472 A
849 2412 1073 2473 constituendae

59 2500 166 2560 haberi
187 2520 281 2578 posse.
322 2501 358 2560 Id
380 2521 449 2560 vero
473 2503 507 2560 ut
526 2520 780 2578 consequeremur,
802 2503 950 2563 indefessa
974 2520 1007 2560 ac
1030 2502 1073 2560 la-

59 2591 179 2650 boriosa
201 2590 329 2648 Pmrnru
351 2590 499 2649 industria
521 2592 635 2650 factum
658 2595 711 2651 est.
756 2591 786 2652 Is
814 2594 894 2650 enim
921 2609 980 2651 non
1006 2594 1073 2649 tan-

60 2682 126 2738 tum
149 2678 258 2738 codicis
281 2678 481 2756 Rehdigerani
504 2701 531 2738 n.
554 2683 594 2738 14
623 2681 814 2756 lectionibus,
843 2700 930 2755 quern
952 2681 1073 2737 unicum

61 2768 189 2826 diximus
218 2768 287 2827 libri
316 2769 507 2827 Trevethiani
534 2771 739 2847 apographum
765 2770 814 2828 vel
842 2768 1007 2845 apographi
1033 2768 1073 2826 si·

59 2857 164 2915 milem
200 2856 296 2916 adhuc
332 2859 482 2935 repertum
515 2876 594 2932 esse,
626 2861 773 2934 quotquot
805 2877 820 2916 e
853 2857 1072 2916 commentariis

61 2946 268 3005 Trevethianis
302 2948 370 3005 elici
401 2948 541 3024 poterant
577 2949 686 3007 veteris
723 2947 898 3023 exemplaris
930 2946 1072 3005 lectiones

61 3034 180 3109 adiecit,
203 3054 307 3093 verum
330 3037 421 3094 etiarn
444 3053 537 3094 novos
561 3034 683 3109 codices,
705 3037 738 3094 in
760 3035 868 3111 quibus
891 3035 979 3094 lectio
1002 3035 1073 3093 Tre-

60 3124 203 3182 vethiana
226 3142 293 3181 cum
315 3127 415 3183 vetere
438 3125 583 3184 Italorum
611 3125 738 3184 lectione
766 3123 983 3201 quodammodo
1007 3141 1073 3183 coa-

59 3212 152 3271 luisse
184 3212 317 3288 videtur,
348 3213 430 3271 felici
462 3215 570 3273 eventu
601 3214 767 3289 exploravit
799 3213 872 3288 duo,
904 3212 1072 3288 exploratos

60 3319 178 3360 summa
201 3319 268 3360 oum
296 3301 453 3379 diligentia
480 3303 608 3362 excussit
636 3305 666 3361 et
692 3302 958 3362 Weidmannianae
985 3300 1073 3360 editi-

61 3392 126 3449 onis
151 3391 311 3466 exemplari
330 3389 494 3465 adscripsit.
533 3389 610 3449 Sunt
629 3394 729 3450 autern
747 3391 978 3469 Augustanus
997 3389 1073 3448 liber

60 3480 175 3538 saeculi
188 3479 268 3554 XIV,
281 3479 479 3538 bibliothecae
493 3481 625 3539 civitatis
640 3483 671 3539 et
683 3481 755 3558 pagi
770 3474 883 3562 (Kreis-
897 3479 957 3536 und
973 3478 1072 3537 Stadt-

60 3561 242 3648 bibliothelx)
261 3590 289 3626 n.
309 3568 410 3626 XXIH
424 3559 519 3649 (Ag),
543 3572 573 3628 et
592 3566 856 3646 Sangallensis,
875 3567 1074 3628 bibliothecae
