2394 3990
89 266 111 328 4
411 263 599 316 niumm
617 263 780 317 sEchAE

89 409 242 473 Thebana
264 409 361 471 tellus
384 408 518 471 nuribus
541 410 572 471 al
605 430 715 491 sparsa
738 409 846 492 impiis

90 498 238 582 quotiens
261 518 431 560 novercam
454 496 543 560 facit!
576 496 725 560 escendat
747 498 823 561 licet

89 607 261 668 meumque
284 584 399 649 victrix
422 587 529 649 teneat
552 581 706 650 Alcmene
728 585 850 668 locum,

89 674 271 758 pariterque
294 677 388 736 natus
412 676 497 736 astra
520 672 678 755 promissa
701 679 849 758 occupet,

88 764 124 826 in
146 762 236 827 cuius
261 765 349 825 ortus
372 760 511 824 mundus
535 761 692 844 impendit
716 761 799 825 diem

88 850 262 933 tardusque
284 848 355 913 Eoo
379 848 529 913 Phoebus
553 850 673 913 effulsit
695 852 775 914 mari

88 941 225 1003 retinere
248 960 387 1002 mersum
411 939 517 1001 iussus
541 935 667 1002 Oceano
692 939 791 1003 iubar.

89 1050 156 1092 non
178 1028 224 1092 sic
248 1026 383 1092 abibunt
406 1026 492 1110 odia3
516 1027 641 1091 vivaces
664 1031 739 1111 aget

90 1117 250 1180 violentus
273 1117 336 1179 iras
360 1115 486 1179 animus
510 1118 542 1178 et
565 1136 678 1179 saevus
702 1116 794 1179 dolor

90 1209 218 1268 aeterna
241 1205 326 1268 bella
348 1225 427 1287 pace
451 1203 578 1268 sublata
601 1207 697 1288 geret.

156 1291 243 1368 Quae
267 1293 374 1356 bella?
407 1291 560 1375 quicquid
582 1291 748 1356 horridum
772 1296 804 1356 te
831 1316 868 1357 us
892 1301 984 1361 creet

89 1382 233 1462 inimica,
257 1380 410 1464 quicquid
434 1383 552 1463 pontus
575 1385 632 1444 aut
654 1403 707 1444 aer
729 1381 805 1446 tulit

89 1470 231 1534 terribile
255 1469 359 1532 dirum
383 1468 535 1552 pestilens
559 1473 651 1533 atrox
673 1469 790 1552 ferum,

88 1559 226 1622 fractum
252 1560 348 1640 atque
372 1557 529 1621 domitum
553 1561 609 1621 est.
656 1562 785 1641 superat
813 1563 845 1623 et
871 1564 992 1628 crescit
1017 1587 1037 1631 n

88 1647 198 1729 iraque
221 1649 331 1709 nostra
353 1646 484 1729 fruitur3
507 1646 542 1709 in
563 1645 673 1710 laudes
698 1668 770 1711 suas

89 1757 160 1798 mea
183 1735 279 1798 vertit
302 1734 387 1797 odia:
412 1733 487 1797 dum
511 1735 607 1798 nimis
631 1757 725 1798 saeva
747 1736 884 1819 impero,

90 1826 215 1907 patrem
238 1823 385 1905 probavi,
409 1823 529 1907 gloriae
551 1824 614 1888 feci
636 1825 752 1887 locum.

90 1934 153 1994 qua
176 1908 232 1974 Sol
254 1910 407 1974 reducens
432 1933 558 1993 quaque
581 1911 744 1995 deponens
768 1912 851 1976 diem

88 1998 182 2063 binos
205 1998 386 2082 propinqua
409 1999 530 2084 tinguit
552 1997 729 2083 Aethiopas
751 2001 834 2083 face,

90 2086 247 2151 indomita
269 2087 370 2150 virtus
395 2087 511 2151 colitur
534 2091 566 2151 et
587 2092 657 2152 toto
680 2088 758 2153 deus

89 2179 235 2240 narratur
258 2173 342 2252 orbe.
388 2180 532 2241 monstra
553 2177 618 2240 iam
641 2177 756 2243 desunt
779 2176 859 2241 mihi

90 2265 257 2347 minorque
278 2264 371 2328 labor
393 2267 441 2328 est
464 2263 596 2328 Herculi
618 2266 706 2330 iussa
729 2267 856 2350 exequi,

90 2375 186 2436 quam
211 2351 292 2415 mihi
314 2352 435 2417 iubere:
458 2353 561 2417 laetus
584 2355 718 2437 imperia
742 2355 869 2438 excipit.

90 2463 170 2525 quae
192 2442 260 2504 fera
282 2441 411 2523 tyranni
433 2442 503 2505 iura
525 2441 667 2506 violento
692 2448 810 2526 queant

88 2551 202 2594 nocere
226 2529 357 2592 iuveni?
388 2552 503 2613 nempe
526 2552 585 2613 pro
608 2531 681 2596 telis
705 2532 788 2617 gerit

90 2640 171 2702 quae
194 2618 304 2681 timuit
327 2620 358 2681 et
381 2640 462 2701 quac
485 2619 582 2683 fudit:
605 2623 746 2684 armatus
770 2620 858 2684 venit

87 2708 181 2770 leone
205 2709 237 2769 et
259 2705 370 2787 hydra.
414 2729 473 2771 nec
497 2707 574 2771 satis
596 2704 708 2771 terrae*
722 2711 846 2791 patent:

88 2794 214 2880 effregit
236 2815 308 2859 ecce
331 2795 431 2858 limen
453 2796 569 2859 infami
591 2794 677 2859 Iovis

88 2886 120 2946 et
144 2883 251 2966 o'pima
274 2883 352 2946 victi
374 2885 459 2969 regis
482 2883 523 2947 ad
546 2906 678 2967 superos
701 2885 805 2948 refert.

91 2993 205 3054 parum
229 2975 278 3035 est
299 2973 429 3054 reverti,
451 2972 574 3036 foedus
588 2972 773 3037 umbrarum
796 2974 892 3056 perit:

121 3181 126 3191 .
157 3115 193 3162 20
211 3108 328 3163 nuribus
347 3126 444 3179 sparsa
462 3111 547 3165 tellus
565 3117 588 3164 Δ
615 3111 699 3165 tellus
718 3131 744 3165 n.
760 3131 799 3181 sp.
820 3119 841 3164 Ε
868 3116 1037 3218 συνν.ιΒαά

86 3196 245 3320 lllallclcllplt
256 3184 299 3304 llll
309 3183 422 3305 lloiiurii
427 3184 681 3321 Ilyiirboulicnlllttll
692 3183 939 3324 iilisellelilulialn
946 3191 1037 3325 ΕΣῶ

87 3322 151 3374 ortu
169 3327 191 3374 Δ
205 3323 262 3390 1184
280 3321 399 3376 fruimur
413 3324 483 3377 ΕῑΣ
498 3324 602 3378 fruitur
619 3323 683 3377 η’
696 3328 705 3394 ss
724 3330 766 3378 88.
778 3330 811 3378 θ’(
830 3329 943 3394 patrem
962 3329 1036 3398 prob

86 3390 153 3445 inde
167 3407 224 3460 qua
237 3392 328 3446 lucem
342 3394 445 3463 promit
459 3395 607 3464 aperitque
620 3396 707 3450 thetis
722 3413 779 3463 qua
792 3396 884 3451 ferens
898 3397 977 3455 titan
991 3399 1037 3455 die

87 3469 113 3517 et
130 3479 211 3518 erasa
227 3466 351 3534 poenica
363 3467 510 3535 scriptura,
531 3482 614 3536 quam
630 3471 660 3520 Σ
672 3469 793 3535 praebet,
805 3467 841 3520 2⁸
854 3470 863 3537 n
878 3472 911 3520 at
926 3485 1037 3540 repono

86 3548 155 3588 corr.
169 3546 198 3600 ψ
211 3536 221 3603 l
235 3540 269 3587 88
283 3535 371 3606 tingit
385 3553 418 3590 cc
431 3536 538 3606 tinguit
550 3537 586 3590 Ε1
599 3539 608 3606 ΙΙ
622 3543 656 3590 48
671 3554 726 3605 quo
741 3541 764 3591 Δ
780 3540 785 3607 Ι
800 3537 877 3592 iussa
884 3539 955 3594 W
965 3543 987 3596 ι’.
998 3560 1037 3598 ru

86 3602 421 3674 iusaE¹iura11(cf.Lec)
435 3609 445 3676 ΙΙ
459 3612 494 3660 49
503 3609 610 3663 traiecit
617 3609 674 3664 Leo
677 3613 771 3679 porto.
777 3610 1037 3675 caco-ennato
